Local time,Ask,Bid,AskVolume,BidVolume
13.11.2023 06:30:00.625 GMT-0800,186.00400000000002,185.77599999999998,0.012,0.012
13.11.2023 06:30:00.676 GMT-0800,185.993,185.787,0.012,0.012
13.11.2023 06:30:00.828 GMT-0800,185.864,185.786,0.012,0.012
13.11.2023 06:30:01.331 GMT-0800,185.823,185.77700000000002,0.012,0.012
13.11.2023 06:30:01.381 GMT-0800,185.863,185.77700000000002,0.012,0.012
13.11.2023 06:30:01.482 GMT-0800,185.843,185.77700000000002,0.012,0.012
13.11.2023 06:30:01.607 GMT-0800,185.84400000000002,185.786,0.012,0.012
13.11.2023 06:30:01.711 GMT-0800,185.803,185.787,0.012,0.012
13.11.2023 06:30:01.800 GMT-0800,185.824,185.786,0.012,0.012
13.11.2023 06:30:02.050 GMT-0800,185.80400000000003,185.77599999999998,0.012,0.012
13.11.2023 06:30:02.151 GMT-0800,185.78400000000002,185.736,0.012,0.012
13.11.2023 06:30:02.251 GMT-0800,185.763,185.697,0.012,0.012
13.11.2023 06:30:02.302 GMT-0800,185.77400000000003,185.71599999999998,0.012,0.012
13.11.2023 06:30:02.353 GMT-0800,185.823,185.787,0.012,0.012
13.11.2023 06:30:02.454 GMT-0800,185.833,185.797,0.012,0.012
13.11.2023 06:30:02.605 GMT-0800,185.824,185.796,0.012,0.012
13.11.2023 06:30:02.655 GMT-0800,185.854,185.80599999999998,0.012,0.012
13.11.2023 06:30:02.806 GMT-0800,185.853,185.817,0.012,0.012
13.11.2023 06:30:02.857 GMT-0800,185.903,185.857,0.012,0.012
13.11.2023 06:30:02.908 GMT-0800,185.923,185.857,0.012,0.012
13.11.2023 06:30:02.958 GMT-0800,185.984,185.926,0.012,0.012
13.11.2023 06:30:03.059 GMT-0800,185.97299999999998,185.917,0.012,0.012
13.11.2023 06:30:03.206 GMT-0800,185.953,185.907,0.012,0.012
13.11.2023 06:30:03.308 GMT-0800,185.97299999999998,185.92700000000002,0.012,0.012
13.11.2023 06:30:03.459 GMT-0800,185.97400000000002,185.93599999999998,0.012,0.012
13.11.2023 06:30:03.667 GMT-0800,185.963,185.92700000000002,0.012,0.012
13.11.2023 06:30:03.768 GMT-0800,185.97299999999998,185.937,0.012,0.012
13.11.2023 06:30:04.028 GMT-0800,185.954,185.90599999999998,0.012,0.012
13.11.2023 06:30:04.094 GMT-0800,185.954,185.916,0.012,0.012
13.11.2023 06:30:04.195 GMT-0800,185.94299999999998,185.907,0.012,0.012
13.11.2023 06:30:04.246 GMT-0800,185.953,185.907,0.012,0.012
13.11.2023 06:30:04.296 GMT-0800,185.94400000000002,185.90599999999998,0.012,0.012
13.11.2023 06:30:04.463 GMT-0800,185.924,185.896,0.012,0.012
13.11.2023 06:30:04.513 GMT-0800,185.93400000000003,185.87599999999998,0.012,0.012
13.11.2023 06:30:04.564 GMT-0800,185.94400000000002,185.90599999999998,0.012,0.012
13.11.2023 06:30:04.677 GMT-0800,185.953,185.917,0.012,0.012
13.11.2023 06:30:04.737 GMT-0800,185.953,185.907,0.012,0.012
13.11.2023 06:30:04.856 GMT-0800,185.93400000000003,185.90599999999998,0.012,0.012
13.11.2023 06:30:04.907 GMT-0800,185.923,185.877,0.012,0.012
13.11.2023 06:30:05.103 GMT-0800,185.923,185.89700000000002,0.012,0.012
13.11.2023 06:30:05.204 GMT-0800,185.923,185.887,0.012,0.012
13.11.2023 06:30:05.355 GMT-0800,185.933,185.89700000000002,0.012,0.012
13.11.2023 06:30:05.491 GMT-0800,185.93400000000003,185.90599999999998,0.012,0.012
13.11.2023 06:30:05.542 GMT-0800,185.94299999999998,185.907,0.012,0.012
13.11.2023 06:30:05.634 GMT-0800,185.954,185.926,0.012,0.012
13.11.2023 06:30:05.685 GMT-0800,185.954,185.916,0.012,0.012
13.11.2023 06:30:05.786 GMT-0800,185.93400000000003,185.90599999999998,0.012,0.012
13.11.2023 06:30:05.867 GMT-0800,185.924,185.886,0.012,0.012
13.11.2023 06:30:06.057 GMT-0800,185.933,185.887,0.012,0.012
13.11.2023 06:30:06.107 GMT-0800,185.93400000000003,185.896,0.012,0.012
13.11.2023 06:30:06.208 GMT-0800,185.954,185.926,0.012,0.012
13.11.2023 06:30:06.259 GMT-0800,185.97400000000002,185.926,0.012,0.012
13.11.2023 06:30:06.328 GMT-0800,185.954,185.926,0.012,0.012
13.11.2023 06:30:06.379 GMT-0800,185.953,185.917,0.012,0.012
13.11.2023 06:30:06.532 GMT-0800,185.963,185.92700000000002,0.012,0.012
13.11.2023 06:30:06.659 GMT-0800,185.953,185.917,0.012,0.012
13.11.2023 06:30:06.785 GMT-0800,185.93400000000003,185.896,0.012,0.012
13.11.2023 06:30:06.835 GMT-0800,185.953,185.89700000000002,0.012,0.012
13.11.2023 06:30:06.889 GMT-0800,185.954,185.90599999999998,0.012,0.012
13.11.2023 06:30:07.166 GMT-0800,185.954,185.916,0.012,0.012
13.11.2023 06:30:07.217 GMT-0800,185.953,185.907,0.012,0.012
13.11.2023 06:30:07.436 GMT-0800,185.954,185.916,0.012,0.012
13.11.2023 06:30:07.487 GMT-0800,185.953,185.907,0.012,0.012
13.11.2023 06:30:07.571 GMT-0800,185.93400000000003,185.896,0.012,0.012
13.11.2023 06:30:07.622 GMT-0800,185.954,185.90599999999998,0.012,0.012
13.11.2023 06:30:07.896 GMT-0800,185.954,185.886,0.012,0.012
13.11.2023 06:30:07.946 GMT-0800,185.91400000000002,185.886,0.012,0.012
13.11.2023 06:30:08.097 GMT-0800,185.91299999999998,185.877,0.012,0.012
13.11.2023 06:30:08.212 GMT-0800,185.924,185.87599999999998,0.012,0.012
13.11.2023 06:30:08.319 GMT-0800,185.91400000000002,185.87599999999998,0.012,0.012
13.11.2023 06:30:08.369 GMT-0800,185.924,185.87599999999998,0.012,0.012
13.11.2023 06:30:08.420 GMT-0800,185.91400000000002,185.87599999999998,0.012,0.012
13.11.2023 06:30:08.529 GMT-0800,185.923,185.877,0.012,0.012
13.11.2023 06:30:08.631 GMT-0800,185.91299999999998,185.877,0.012,0.012
13.11.2023 06:30:08.794 GMT-0800,185.903,185.86700000000002,0.012,0.012
13.11.2023 06:30:08.895 GMT-0800,185.88400000000001,185.84599999999998,0.012,0.012
13.11.2023 06:30:08.996 GMT-0800,185.864,185.826,0.012,0.012
13.11.2023 06:30:09.097 GMT-0800,185.864,185.84599999999998,0.012,0.012
13.11.2023 06:30:09.148 GMT-0800,185.87400000000002,185.84599999999998,0.012,0.012
13.11.2023 06:30:09.200 GMT-0800,185.863,185.827,0.012,0.012
13.11.2023 06:30:09.250 GMT-0800,185.87400000000002,185.84599999999998,0.012,0.012
13.11.2023 06:30:09.301 GMT-0800,185.883,185.847,0.012,0.012
13.11.2023 06:30:09.367 GMT-0800,185.873,185.847,0.012,0.012
13.11.2023 06:30:09.418 GMT-0800,185.88400000000001,185.84599999999998,0.012,0.012
13.11.2023 06:30:09.496 GMT-0800,185.873,185.847,0.012,0.012
13.11.2023 06:30:09.547 GMT-0800,185.88400000000001,185.84599999999998,0.012,0.012
13.11.2023 06:30:09.662 GMT-0800,185.873,185.847,0.012,0.012
13.11.2023 06:30:09.777 GMT-0800,185.883,185.857,0.012,0.012
13.11.2023 06:30:09.877 GMT-0800,185.923,185.877,0.012,0.012
13.11.2023 06:30:09.928 GMT-0800,185.91400000000002,185.87599999999998,0.012,0.012
13.11.2023 06:30:10.036 GMT-0800,185.894,185.856,0.012,0.012
13.11.2023 06:30:10.138 GMT-0800,185.88400000000001,185.856,0.012,0.012
13.11.2023 06:30:10.189 GMT-0800,185.88400000000001,185.84599999999998,0.012,0.012
13.11.2023 06:30:10.240 GMT-0800,185.87400000000002,185.83599999999998,0.012,0.012
13.11.2023 06:30:10.447 GMT-0800,185.88400000000001,185.856,0.012,0.012
13.11.2023 06:30:10.505 GMT-0800,185.883,185.847,0.012,0.012
13.11.2023 06:30:10.555 GMT-0800,185.893,185.857,0.012,0.012
13.11.2023 06:30:10.656 GMT-0800,185.88400000000001,185.856,0.012,0.012
13.11.2023 06:30:10.814 GMT-0800,185.88400000000001,185.86599999999999,0.012,0.012
13.11.2023 06:30:10.864 GMT-0800,185.873,185.83700000000002,0.012,0.012
13.11.2023 06:30:11.174 GMT-0800,185.87400000000002,185.84599999999998,0.012,0.012
13.11.2023 06:30:11.224 GMT-0800,185.87400000000002,185.83599999999998,0.012,0.012
13.11.2023 06:30:11.794 GMT-0800,185.873,185.827,0.012,0.012
13.11.2023 06:30:11.844 GMT-0800,185.88400000000001,185.84599999999998,0.012,0.012
13.11.2023 06:30:11.945 GMT-0800,185.894,185.86599999999999,0.012,0.012
13.11.2023 06:30:12.046 GMT-0800,185.903,185.86700000000002,0.012,0.012
13.11.2023 06:30:12.096 GMT-0800,185.933,185.89700000000002,0.012,0.012
13.11.2023 06:30:12.197 GMT-0800,185.93400000000003,185.90599999999998,0.012,0.012
13.11.2023 06:30:12.334 GMT-0800,185.954,185.916,0.012,0.012
13.11.2023 06:30:12.385 GMT-0800,185.96400000000003,185.916,0.012,0.012
13.11.2023 06:30:12.438 GMT-0800,185.963,185.92700000000002,0.012,0.012
13.11.2023 06:30:12.576 GMT-0800,185.953,185.92700000000002,0.012,0.012
13.11.2023 06:30:13.109 GMT-0800,185.96400000000003,185.93599999999998,0.012,0.012
13.11.2023 06:30:13.160 GMT-0800,185.97299999999998,185.937,0.012,0.012
13.11.2023 06:30:13.210 GMT-0800,185.984,185.946,0.012,0.012
13.11.2023 06:30:13.362 GMT-0800,185.97299999999998,185.947,0.012,0.012
13.11.2023 06:30:13.487 GMT-0800,185.97400000000002,185.93599999999998,0.012,0.012
13.11.2023 06:30:13.537 GMT-0800,185.983,185.947,0.012,0.012
13.11.2023 06:30:13.743 GMT-0800,185.99400000000003,185.96599999999998,0.012,0.012
13.11.2023 06:30:13.793 GMT-0800,186.00400000000002,185.96599999999998,0.012,0.012
13.11.2023 06:30:13.844 GMT-0800,186.03400000000002,185.99599999999998,0.012,0.012
13.11.2023 06:30:13.973 GMT-0800,186.013,185.977,0.012,0.012
13.11.2023 06:30:14.116 GMT-0800,186.00400000000002,185.96599999999998,0.012,0.012
13.11.2023 06:30:14.187 GMT-0800,186.003,185.95700000000002,0.012,0.012
13.11.2023 06:30:14.780 GMT-0800,185.993,185.95700000000002,0.012,0.012
13.11.2023 06:30:14.831 GMT-0800,186.00400000000002,185.956,0.012,0.012
13.11.2023 06:30:14.921 GMT-0800,185.993,185.95700000000002,0.012,0.012
13.11.2023 06:30:14.972 GMT-0800,186.00400000000002,185.956,0.012,0.012
13.11.2023 06:30:15.123 GMT-0800,185.99400000000003,185.956,0.012,0.012
13.11.2023 06:30:15.173 GMT-0800,186.003,185.95700000000002,0.012,0.012
13.11.2023 06:30:15.224 GMT-0800,186.014,185.976,0.012,0.012
13.11.2023 06:30:15.434 GMT-0800,186.013,185.95700000000002,0.012,0.012
13.11.2023 06:30:15.535 GMT-0800,186.014,185.976,0.012,0.012
13.11.2023 06:30:15.586 GMT-0800,186.02400000000003,185.976,0.012,0.012
13.11.2023 06:30:15.636 GMT-0800,186.014,185.976,0.012,0.012
13.11.2023 06:30:15.687 GMT-0800,186.02400000000003,185.976,0.012,0.012
13.11.2023 06:30:15.737 GMT-0800,186.013,185.977,0.012,0.012
13.11.2023 06:30:15.981 GMT-0800,186.014,185.96599999999998,0.012,0.012
13.11.2023 06:30:16.032 GMT-0800,185.99400000000003,185.946,0.012,0.012
13.11.2023 06:30:16.218 GMT-0800,185.99400000000003,185.956,0.012,0.012
13.11.2023 06:30:16.319 GMT-0800,186.003,185.95700000000002,0.012,0.012
13.11.2023 06:30:16.370 GMT-0800,185.99400000000003,185.956,0.012,0.012
13.11.2023 06:30:16.470 GMT-0800,186.013,185.95700000000002,0.012,0.012
13.11.2023 06:30:16.533 GMT-0800,186.013,185.977,0.012,0.012
13.11.2023 06:30:16.634 GMT-0800,186.003,185.95700000000002,0.012,0.012
13.11.2023 06:30:16.721 GMT-0800,185.99400000000003,185.956,0.012,0.012
13.11.2023 06:30:17.352 GMT-0800,185.963,185.947,0.012,0.012
13.11.2023 06:30:17.402 GMT-0800,185.97299999999998,185.937,0.012,0.012
13.11.2023 06:30:17.461 GMT-0800,185.984,185.956,0.012,0.012
13.11.2023 06:30:17.562 GMT-0800,186.003,185.967,0.012,0.012
13.11.2023 06:30:17.666 GMT-0800,186.003,185.977,0.012,0.012
13.11.2023 06:30:17.926 GMT-0800,186.014,185.986,0.012,0.012
13.11.2023 06:30:17.976 GMT-0800,186.013,185.977,0.012,0.012
13.11.2023 06:30:18.027 GMT-0800,186.023,185.997,0.012,0.012
13.11.2023 06:30:18.078 GMT-0800,186.03400000000002,185.986,0.012,0.012
13.11.2023 06:30:18.312 GMT-0800,186.02400000000003,185.986,0.012,0.012
13.11.2023 06:30:18.413 GMT-0800,186.03400000000002,185.99599999999998,0.012,0.012
13.11.2023 06:30:18.732 GMT-0800,186.023,185.997,0.012,0.012
13.11.2023 06:30:18.782 GMT-0800,186.013,185.977,0.012,0.012
13.11.2023 06:30:19.037 GMT-0800,186.00400000000002,185.96599999999998,0.012,0.012
13.11.2023 06:30:19.164 GMT-0800,185.97400000000002,185.93599999999998,0.012,0.012
13.11.2023 06:30:19.871 GMT-0800,185.96400000000003,185.926,0.012,0.012
13.11.2023 06:30:19.972 GMT-0800,185.984,185.946,0.012,0.012
13.11.2023 06:30:20.073 GMT-0800,186.00400000000002,185.96599999999998,0.012,0.012
13.11.2023 06:30:20.123 GMT-0800,186.003,185.95700000000002,0.012,0.012
13.11.2023 06:30:20.174 GMT-0800,186.00400000000002,185.96599999999998,0.012,0.012
13.11.2023 06:30:20.318 GMT-0800,186.003,185.977,0.012,0.012
13.11.2023 06:30:20.429 GMT-0800,186.00400000000002,185.96599999999998,0.012,0.012
13.11.2023 06:30:20.479 GMT-0800,186.014,185.976,0.012,0.012
13.11.2023 06:30:20.650 GMT-0800,186.00400000000002,185.976,0.012,0.012
13.11.2023 06:30:20.701 GMT-0800,186.00400000000002,185.96599999999998,0.012,0.012
13.11.2023 06:30:20.796 GMT-0800,186.00400000000002,185.976,0.012,0.012
13.11.2023 06:30:20.847 GMT-0800,186.003,185.967,0.012,0.012
13.11.2023 06:30:20.998 GMT-0800,186.003,185.977,0.012,0.012
13.11.2023 06:30:21.124 GMT-0800,186.013,185.977,0.012,0.012
13.11.2023 06:30:21.225 GMT-0800,186.023,185.98700000000002,0.012,0.012
13.11.2023 06:30:21.385 GMT-0800,186.023,185.997,0.012,0.012
13.11.2023 06:30:21.437 GMT-0800,186.02400000000003,185.986,0.012,0.012
13.11.2023 06:30:21.487 GMT-0800,186.02400000000003,185.99599999999998,0.012,0.012
13.11.2023 06:30:21.538 GMT-0800,186.03400000000002,185.99599999999998,0.012,0.012
13.11.2023 06:30:21.589 GMT-0800,186.023,185.997,0.012,0.012
13.11.2023 06:30:21.760 GMT-0800,186.033,186.007,0.012,0.012
13.11.2023 06:30:21.811 GMT-0800,186.033,185.997,0.012,0.012
13.11.2023 06:30:22.026 GMT-0800,186.03400000000002,185.986,0.012,0.012
13.11.2023 06:30:22.077 GMT-0800,186.033,185.997,0.012,0.012
13.11.2023 06:30:22.300 GMT-0800,186.03400000000002,186.006,0.012,0.012
13.11.2023 06:30:22.350 GMT-0800,186.014,185.976,0.012,0.012
13.11.2023 06:30:22.496 GMT-0800,186.014,185.956,0.012,0.012
13.11.2023 06:30:22.624 GMT-0800,186.033,186.01700000000002,0.012,0.012
13.11.2023 06:30:22.675 GMT-0800,186.033,186.007,0.012,0.012
13.11.2023 06:30:22.776 GMT-0800,186.03400000000002,185.99599999999998,0.012,0.012
13.11.2023 06:30:22.826 GMT-0800,186.033,186.007,0.012,0.012
13.11.2023 06:30:22.893 GMT-0800,186.043,186.007,0.012,0.012
13.11.2023 06:30:22.944 GMT-0800,186.033,186.01700000000002,0.012,0.012
13.11.2023 06:30:23.044 GMT-0800,186.033,186.007,0.012,0.012
13.11.2023 06:30:23.915 GMT-0800,186.023,186.007,0.012,0.012
13.11.2023 06:30:23.966 GMT-0800,186.023,185.997,0.012,0.012
13.11.2023 06:30:24.017 GMT-0800,186.02400000000003,185.976,0.012,0.012
13.11.2023 06:30:24.521 GMT-0800,186.003,185.977,0.012,0.012
13.11.2023 06:30:24.615 GMT-0800,186.013,185.977,0.012,0.012
13.11.2023 06:30:25.700 GMT-0800,186.00400000000002,185.956,0.012,0.012
13.11.2023 06:30:25.751 GMT-0800,186.014,185.976,0.012,0.012
13.11.2023 06:30:25.908 GMT-0800,186.003,185.967,0.012,0.012
13.11.2023 06:30:26.009 GMT-0800,186.003,185.977,0.012,0.012
13.11.2023 06:30:26.073 GMT-0800,186.013,185.977,0.012,0.012
13.11.2023 06:30:26.174 GMT-0800,186.014,185.96599999999998,0.012,0.012
13.11.2023 06:30:26.224 GMT-0800,186.014,185.976,0.012,0.012
13.11.2023 06:30:26.691 GMT-0800,186.013,185.967,0.012,0.012
13.11.2023 06:30:26.803 GMT-0800,186.013,185.977,0.012,0.012
13.11.2023 06:30:26.908 GMT-0800,186.003,185.977,0.012,0.012
13.11.2023 06:30:27.570 GMT-0800,186.013,185.98700000000002,0.012,0.012
13.11.2023 06:30:27.758 GMT-0800,186.03400000000002,185.976,0.012,0.012
13.11.2023 06:30:27.963 GMT-0800,186.03400000000002,185.986,0.012,0.012
13.11.2023 06:30:28.107 GMT-0800,186.003,185.977,0.012,0.012
13.11.2023 06:30:28.158 GMT-0800,185.99400000000003,185.956,0.012,0.012
13.11.2023 06:30:28.555 GMT-0800,185.984,185.956,0.012,0.012
13.11.2023 06:30:28.626 GMT-0800,185.99400000000003,185.956,0.012,0.012
13.11.2023 06:30:29.032 GMT-0800,185.97299999999998,185.95700000000002,0.012,0.012
13.11.2023 06:30:29.083 GMT-0800,185.97299999999998,185.937,0.012,0.012
13.11.2023 06:30:29.333 GMT-0800,185.984,185.93599999999998,0.012,0.012
13.11.2023 06:30:29.392 GMT-0800,185.97400000000002,185.926,0.012,0.012
13.11.2023 06:30:29.533 GMT-0800,185.97299999999998,185.937,0.012,0.012
13.11.2023 06:30:29.908 GMT-0800,185.984,185.956,0.012,0.012
13.11.2023 06:30:29.984 GMT-0800,185.99400000000003,185.956,0.012,0.012
13.11.2023 06:30:30.035 GMT-0800,186.003,185.977,0.012,0.012
13.11.2023 06:30:30.393 GMT-0800,186.003,185.967,0.012,0.012
13.11.2023 06:30:30.570 GMT-0800,185.99400000000003,185.96599999999998,0.012,0.012
13.11.2023 06:30:30.968 GMT-0800,185.983,185.967,0.012,0.012
13.11.2023 06:30:31.050 GMT-0800,185.99400000000003,185.96599999999998,0.012,0.012
13.11.2023 06:30:31.507 GMT-0800,186.003,185.967,0.012,0.012
13.11.2023 06:30:31.570 GMT-0800,185.993,185.967,0.012,0.012
13.11.2023 06:30:31.811 GMT-0800,185.97299999999998,185.947,0.012,0.012
13.11.2023 06:30:31.862 GMT-0800,185.99400000000003,185.956,0.012,0.012
13.11.2023 06:30:32.181 GMT-0800,185.99400000000003,185.96599999999998,0.012,0.012
13.11.2023 06:30:32.232 GMT-0800,185.99400000000003,185.956,0.012,0.012
13.11.2023 06:30:32.392 GMT-0800,185.99400000000003,185.946,0.012,0.012
13.11.2023 06:30:32.443 GMT-0800,185.99400000000003,185.956,0.012,0.012
13.11.2023 06:30:32.548 GMT-0800,185.983,185.95700000000002,0.012,0.012
13.11.2023 06:30:32.598 GMT-0800,185.99400000000003,185.946,0.012,0.012
13.11.2023 06:30:32.649 GMT-0800,185.99400000000003,185.956,0.012,0.012
13.11.2023 06:30:32.836 GMT-0800,185.97400000000002,185.946,0.012,0.012
13.11.2023 06:30:32.886 GMT-0800,185.97299999999998,185.937,0.012,0.012
13.11.2023 06:30:33.123 GMT-0800,185.954,185.926,0.012,0.012
13.11.2023 06:30:33.174 GMT-0800,185.953,185.917,0.012,0.012
13.11.2023 06:30:33.224 GMT-0800,185.94299999999998,185.917,0.012,0.012
13.11.2023 06:30:33.275 GMT-0800,185.954,185.916,0.012,0.012
13.11.2023 06:30:33.468 GMT-0800,185.93400000000003,185.896,0.012,0.012
13.11.2023 06:30:33.686 GMT-0800,185.933,185.907,0.012,0.012
13.11.2023 06:30:33.737 GMT-0800,185.94299999999998,185.907,0.012,0.012
13.11.2023 06:30:33.787 GMT-0800,185.933,185.907,0.012,0.012
13.11.2023 06:30:34.005 GMT-0800,185.94400000000002,185.916,0.012,0.012
13.11.2023 06:30:34.280 GMT-0800,185.954,185.916,0.012,0.012
13.11.2023 06:30:34.330 GMT-0800,185.954,185.926,0.012,0.012
13.11.2023 06:30:34.431 GMT-0800,185.94299999999998,185.907,0.012,0.012
13.11.2023 06:30:34.482 GMT-0800,185.923,185.907,0.012,0.012
13.11.2023 06:30:34.587 GMT-0800,185.91299999999998,185.887,0.012,0.012
13.11.2023 06:30:34.638 GMT-0800,185.923,185.887,0.012,0.012
13.11.2023 06:30:34.688 GMT-0800,185.923,185.89700000000002,0.012,0.012
13.11.2023 06:30:34.739 GMT-0800,185.923,185.887,0.012,0.012
13.11.2023 06:30:34.789 GMT-0800,185.923,185.89700000000002,0.012,0.012
13.11.2023 06:30:34.941 GMT-0800,185.924,185.886,0.012,0.012
13.11.2023 06:30:34.991 GMT-0800,185.923,185.89700000000002,0.012,0.012
13.11.2023 06:30:35.065 GMT-0800,185.923,185.887,0.012,0.012
13.11.2023 06:30:35.115 GMT-0800,185.924,185.896,0.012,0.012
13.11.2023 06:30:35.216 GMT-0800,185.924,185.886,0.012,0.012
13.11.2023 06:30:35.317 GMT-0800,185.91400000000002,185.87599999999998,0.012,0.012
13.11.2023 06:30:35.643 GMT-0800,185.923,185.877,0.012,0.012
13.11.2023 06:30:35.694 GMT-0800,185.923,185.89700000000002,0.012,0.012
13.11.2023 06:30:35.797 GMT-0800,185.93400000000003,185.896,0.012,0.012
13.11.2023 06:30:35.849 GMT-0800,185.924,185.87599999999998,0.012,0.012
13.11.2023 06:30:35.950 GMT-0800,185.924,185.886,0.012,0.012
13.11.2023 06:30:36.316 GMT-0800,185.91400000000002,185.886,0.012,0.012
13.11.2023 06:30:36.395 GMT-0800,185.923,185.887,0.012,0.012
13.11.2023 06:30:36.445 GMT-0800,185.91400000000002,185.886,0.012,0.012
13.11.2023 06:30:36.496 GMT-0800,185.903,185.86700000000002,0.012,0.012
13.11.2023 06:30:36.546 GMT-0800,185.91299999999998,185.877,0.012,0.012
13.11.2023 06:30:36.697 GMT-0800,185.91299999999998,185.86700000000002,0.012,0.012
13.11.2023 06:30:36.748 GMT-0800,185.903,185.86700000000002,0.012,0.012
13.11.2023 06:30:36.958 GMT-0800,185.903,185.877,0.012,0.012
13.11.2023 06:30:37.008 GMT-0800,185.90400000000002,185.86599999999999,0.012,0.012
13.11.2023 06:30:37.072 GMT-0800,185.90400000000002,185.87599999999998,0.012,0.012
13.11.2023 06:30:37.123 GMT-0800,185.91299999999998,185.877,0.012,0.012
13.11.2023 06:30:37.193 GMT-0800,185.903,185.86700000000002,0.012,0.012
13.11.2023 06:30:37.476 GMT-0800,185.894,185.86599999999999,0.012,0.012
13.11.2023 06:30:37.679 GMT-0800,185.873,185.847,0.012,0.012
13.11.2023 06:30:37.780 GMT-0800,185.88400000000001,185.84599999999998,0.012,0.012
13.11.2023 06:30:37.908 GMT-0800,185.88400000000001,185.856,0.012,0.012
13.11.2023 06:30:38.009 GMT-0800,185.873,185.847,0.012,0.012
13.11.2023 06:30:38.139 GMT-0800,185.88400000000001,185.84599999999998,0.012,0.012
13.11.2023 06:30:38.251 GMT-0800,185.873,185.847,0.012,0.012
13.11.2023 06:30:38.302 GMT-0800,185.873,185.83700000000002,0.012,0.012
13.11.2023 06:30:38.391 GMT-0800,185.864,185.826,0.012,0.012
13.11.2023 06:30:38.492 GMT-0800,185.894,185.86599999999999,0.012,0.012
13.11.2023 06:30:38.593 GMT-0800,185.903,185.86700000000002,0.012,0.012
13.11.2023 06:30:38.693 GMT-0800,185.90400000000002,185.87599999999998,0.012,0.012
13.11.2023 06:30:38.938 GMT-0800,185.894,185.87599999999998,0.012,0.012
13.11.2023 06:30:38.988 GMT-0800,185.90400000000002,185.87599999999998,0.012,0.012
13.11.2023 06:30:39.059 GMT-0800,185.894,185.87599999999998,0.012,0.012
13.11.2023 06:30:39.115 GMT-0800,185.903,185.877,0.012,0.012
13.11.2023 06:30:39.409 GMT-0800,185.91299999999998,185.877,0.012,0.012
13.11.2023 06:30:39.673 GMT-0800,185.90400000000002,185.87599999999998,0.012,0.012
13.11.2023 06:30:39.913 GMT-0800,185.91299999999998,185.887,0.012,0.012
13.11.2023 06:30:39.964 GMT-0800,185.91299999999998,185.877,0.012,0.012
13.11.2023 06:30:40.708 GMT-0800,185.91299999999998,185.86700000000002,0.012,0.012
13.11.2023 06:30:40.759 GMT-0800,185.903,185.86700000000002,0.012,0.012
13.11.2023 06:30:40.876 GMT-0800,185.87400000000002,185.83599999999998,0.012,0.012
13.11.2023 06:30:41.045 GMT-0800,185.88400000000001,185.84599999999998,0.012,0.012
13.11.2023 06:30:41.146 GMT-0800,185.894,185.856,0.012,0.012
13.11.2023 06:30:41.263 GMT-0800,185.87400000000002,185.83599999999998,0.012,0.012
13.11.2023 06:30:41.377 GMT-0800,185.863,185.847,0.012,0.012
13.11.2023 06:30:41.935 GMT-0800,185.894,185.856,0.012,0.012
13.11.2023 06:30:41.986 GMT-0800,185.90400000000002,185.87599999999998,0.012,0.012
13.11.2023 06:30:42.086 GMT-0800,185.893,185.857,0.012,0.012
13.11.2023 06:30:42.137 GMT-0800,185.90400000000002,185.87599999999998,0.012,0.012
13.11.2023 06:30:42.401 GMT-0800,185.893,185.857,0.012,0.012
13.11.2023 06:30:42.451 GMT-0800,185.90400000000002,185.886,0.012,0.012
13.11.2023 06:30:42.502 GMT-0800,185.923,185.89700000000002,0.012,0.012
13.11.2023 06:30:42.557 GMT-0800,185.924,185.90599999999998,0.012,0.012
13.11.2023 06:30:42.608 GMT-0800,185.924,185.896,0.012,0.012
13.11.2023 06:30:42.871 GMT-0800,185.924,185.87599999999998,0.012,0.012
13.11.2023 06:30:42.922 GMT-0800,185.91400000000002,185.886,0.012,0.012
13.11.2023 06:30:42.972 GMT-0800,185.91299999999998,185.877,0.012,0.012
13.11.2023 06:30:43.098 GMT-0800,185.933,185.89700000000002,0.012,0.012
13.11.2023 06:30:43.149 GMT-0800,185.93400000000003,185.886,0.012,0.012
13.11.2023 06:30:43.202 GMT-0800,185.924,185.886,0.012,0.012
13.11.2023 06:30:43.303 GMT-0800,185.91299999999998,185.877,0.012,0.012
13.11.2023 06:30:43.371 GMT-0800,185.903,185.857,0.012,0.012
13.11.2023 06:30:43.421 GMT-0800,185.894,185.856,0.012,0.012
13.11.2023 06:30:44.193 GMT-0800,185.883,185.86700000000002,0.012,0.012
13.11.2023 06:30:44.243 GMT-0800,185.903,185.86700000000002,0.012,0.012
13.11.2023 06:30:44.294 GMT-0800,185.91400000000002,185.87599999999998,0.012,0.012
13.11.2023 06:30:44.465 GMT-0800,185.91400000000002,185.886,0.012,0.012
13.11.2023 06:30:44.516 GMT-0800,185.91299999999998,185.877,0.012,0.012
13.11.2023 06:30:44.587 GMT-0800,185.91299999999998,185.887,0.012,0.012
13.11.2023 06:30:44.637 GMT-0800,185.91400000000002,185.87599999999998,0.012,0.012
13.11.2023 06:30:44.739 GMT-0800,185.91400000000002,185.886,0.012,0.012
13.11.2023 06:30:44.931 GMT-0800,185.91400000000002,185.87599999999998,0.012,0.012
13.11.2023 06:30:44.981 GMT-0800,185.90400000000002,185.87599999999998,0.012,0.012
13.11.2023 06:30:45.265 GMT-0800,185.903,185.887,0.012,0.012
13.11.2023 06:30:45.366 GMT-0800,185.924,185.896,0.012,0.012
13.11.2023 06:30:45.551 GMT-0800,185.91400000000002,185.886,0.012,0.012
13.11.2023 06:30:45.601 GMT-0800,185.923,185.887,0.012,0.012
13.11.2023 06:30:45.652 GMT-0800,185.91400000000002,185.886,0.012,0.012
13.11.2023 06:30:45.753 GMT-0800,185.923,185.887,0.012,0.012
13.11.2023 06:30:46.041 GMT-0800,185.924,185.896,0.012,0.012
13.11.2023 06:30:46.252 GMT-0800,185.933,185.89700000000002,0.012,0.012
13.11.2023 06:30:46.382 GMT-0800,185.93400000000003,185.90599999999998,0.012,0.012
13.11.2023 06:30:46.433 GMT-0800,185.93400000000003,185.896,0.012,0.012
13.11.2023 06:30:46.638 GMT-0800,185.923,185.89700000000002,0.012,0.012
13.11.2023 06:30:46.705 GMT-0800,185.91400000000002,185.87599999999998,0.012,0.012
13.11.2023 06:30:46.756 GMT-0800,185.924,185.886,0.012,0.012
13.11.2023 06:30:46.987 GMT-0800,185.91299999999998,185.887,0.012,0.012
13.11.2023 06:30:47.038 GMT-0800,185.91299999999998,185.877,0.012,0.012
13.11.2023 06:30:47.141 GMT-0800,185.91400000000002,185.886,0.012,0.012
13.11.2023 06:30:47.191 GMT-0800,185.91400000000002,185.87599999999998,0.012,0.012
13.11.2023 06:30:47.309 GMT-0800,185.91400000000002,185.886,0.012,0.012
13.11.2023 06:30:47.398 GMT-0800,185.923,185.887,0.012,0.012
13.11.2023 06:30:47.652 GMT-0800,185.91400000000002,185.886,0.012,0.012
13.11.2023 06:30:47.702 GMT-0800,185.924,185.886,0.012,0.012
13.11.2023 06:30:48.914 GMT-0800,185.933,185.89700000000002,0.012,0.012
13.11.2023 06:30:49.065 GMT-0800,185.924,185.886,0.012,0.012
13.11.2023 06:30:49.224 GMT-0800,185.923,185.89700000000002,0.012,0.012
13.11.2023 06:30:49.325 GMT-0800,185.91299999999998,185.887,0.012,0.012
13.11.2023 06:30:49.508 GMT-0800,185.923,185.887,0.012,0.012
13.11.2023 06:30:49.560 GMT-0800,185.924,185.87599999999998,0.012,0.012
13.11.2023 06:30:49.610 GMT-0800,185.91400000000002,185.87599999999998,0.012,0.012
13.11.2023 06:30:49.868 GMT-0800,185.923,185.887,0.012,0.012
13.11.2023 06:30:49.998 GMT-0800,185.91299999999998,185.877,0.012,0.012
13.11.2023 06:30:50.124 GMT-0800,185.924,185.886,0.012,0.012
13.11.2023 06:30:50.225 GMT-0800,185.923,185.877,0.012,0.012
13.11.2023 06:30:50.288 GMT-0800,185.923,185.887,0.012,0.012
13.11.2023 06:30:50.395 GMT-0800,185.91400000000002,185.87599999999998,0.012,0.012
13.11.2023 06:30:50.496 GMT-0800,185.923,185.877,0.012,0.012
13.11.2023 06:30:50.547 GMT-0800,185.91299999999998,185.877,0.012,0.012
13.11.2023 06:30:50.712 GMT-0800,185.91400000000002,185.86599999999999,0.012,0.012
13.11.2023 06:30:50.762 GMT-0800,185.90400000000002,185.86599999999999,0.012,0.012
13.11.2023 06:30:50.967 GMT-0800,185.90400000000002,185.856,0.012,0.012
13.11.2023 06:30:51.320 GMT-0800,185.90400000000002,185.87599999999998,0.012,0.012
13.11.2023 06:30:51.371 GMT-0800,185.90400000000002,185.856,0.012,0.012
13.11.2023 06:30:51.472 GMT-0800,185.88400000000001,185.856,0.012,0.012
13.11.2023 06:30:51.522 GMT-0800,185.894,185.856,0.012,0.012
13.11.2023 06:30:52.217 GMT-0800,185.90400000000002,185.86599999999999,0.012,0.012
13.11.2023 06:30:52.395 GMT-0800,185.903,185.877,0.012,0.012
13.11.2023 06:30:53.060 GMT-0800,185.91299999999998,185.877,0.012,0.012
13.11.2023 06:30:53.441 GMT-0800,185.923,185.887,0.012,0.012
13.11.2023 06:30:53.560 GMT-0800,185.923,185.89700000000002,0.012,0.012
13.11.2023 06:30:53.781 GMT-0800,185.91400000000002,185.896,0.012,0.012
13.11.2023 06:30:53.831 GMT-0800,185.91400000000002,185.87599999999998,0.012,0.012
13.11.2023 06:30:53.932 GMT-0800,185.90400000000002,185.87599999999998,0.012,0.012
13.11.2023 06:30:54.083 GMT-0800,185.91400000000002,185.87599999999998,0.012,0.012
13.11.2023 06:30:54.220 GMT-0800,185.90400000000002,185.87599999999998,0.012,0.012
13.11.2023 06:30:54.270 GMT-0800,185.924,185.87599999999998,0.012,0.012
13.11.2023 06:30:54.321 GMT-0800,185.91400000000002,185.87599999999998,0.012,0.012
13.11.2023 06:30:54.514 GMT-0800,185.93400000000003,185.896,0.012,0.012
13.11.2023 06:30:54.719 GMT-0800,185.923,185.887,0.012,0.012
13.11.2023 06:30:54.820 GMT-0800,185.924,185.896,0.012,0.012
13.11.2023 06:30:54.871 GMT-0800,185.924,185.886,0.012,0.012
13.11.2023 06:30:55.292 GMT-0800,185.924,185.896,0.012,0.012
13.11.2023 06:30:55.343 GMT-0800,185.923,185.887,0.012,0.012
13.11.2023 06:30:55.393 GMT-0800,185.903,185.877,0.012,0.012
13.11.2023 06:30:55.444 GMT-0800,185.91299999999998,185.877,0.012,0.012
13.11.2023 06:30:55.494 GMT-0800,185.923,185.887,0.012,0.012
13.11.2023 06:30:55.611 GMT-0800,185.924,185.896,0.012,0.012
13.11.2023 06:30:55.662 GMT-0800,185.924,185.886,0.012,0.012
13.11.2023 06:30:55.712 GMT-0800,185.923,185.89700000000002,0.012,0.012
13.11.2023 06:30:55.813 GMT-0800,185.91400000000002,185.886,0.012,0.012
13.11.2023 06:30:55.864 GMT-0800,185.91299999999998,185.877,0.012,0.012
13.11.2023 06:30:56.191 GMT-0800,185.91299999999998,185.89700000000002,0.012,0.012
13.11.2023 06:30:56.242 GMT-0800,185.91400000000002,185.886,0.012,0.012
13.11.2023 06:30:56.327 GMT-0800,185.924,185.896,0.012,0.012
13.11.2023 06:30:56.457 GMT-0800,185.923,185.887,0.012,0.012
13.11.2023 06:30:56.703 GMT-0800,185.91400000000002,185.886,0.012,0.012
13.11.2023 06:30:56.754 GMT-0800,185.91400000000002,185.87599999999998,0.012,0.012
13.11.2023 06:30:57.931 GMT-0800,185.90400000000002,185.87599999999998,0.012,0.012
13.11.2023 06:30:58.315 GMT-0800,185.91400000000002,185.886,0.012,0.012
13.11.2023 06:30:59.058 GMT-0800,185.91299999999998,185.877,0.012,0.012
13.11.2023 06:30:59.571 GMT-0800,185.903,185.877,0.012,0.012
13.11.2023 06:30:59.621 GMT-0800,185.864,185.84599999999998,0.012,0.012
13.11.2023 06:30:59.722 GMT-0800,185.883,185.857,0.012,0.012
13.11.2023 06:30:59.773 GMT-0800,185.873,185.857,0.012,0.012
13.11.2023 06:30:59.823 GMT-0800,185.88400000000001,185.856,0.012,0.012
13.11.2023 06:30:59.874 GMT-0800,185.893,185.857,0.012,0.012
13.11.2023 06:30:59.924 GMT-0800,185.893,185.86700000000002,0.012,0.012
13.11.2023 06:30:59.975 GMT-0800,185.903,185.86700000000002,0.012,0.012
13.11.2023 06:31:00.025 GMT-0800,185.893,185.86700000000002,0.012,0.012
13.11.2023 06:31:00.076 GMT-0800,185.894,185.856,0.012,0.012
13.11.2023 06:31:00.126 GMT-0800,185.88400000000001,185.84599999999998,0.012,0.012
13.11.2023 06:31:00.227 GMT-0800,185.88400000000001,185.856,0.012,0.012
13.11.2023 06:31:00.563 GMT-0800,185.88400000000001,185.86599999999999,0.012,0.012
13.11.2023 06:31:00.614 GMT-0800,185.893,185.857,0.012,0.012
13.11.2023 06:31:00.664 GMT-0800,185.88400000000001,185.856,0.012,0.012
13.11.2023 06:31:00.715 GMT-0800,185.88400000000001,185.84599999999998,0.012,0.012
13.11.2023 06:31:00.886 GMT-0800,185.883,185.857,0.012,0.012
13.11.2023 06:31:01.066 GMT-0800,185.893,185.857,0.012,0.012
13.11.2023 06:31:01.122 GMT-0800,185.863,185.847,0.012,0.012
13.11.2023 06:31:01.275 GMT-0800,185.864,185.83599999999998,0.012,0.012
13.11.2023 06:31:01.325 GMT-0800,185.864,185.84599999999998,0.012,0.012
13.11.2023 06:31:01.426 GMT-0800,185.863,185.83700000000002,0.012,0.012
13.11.2023 06:31:01.483 GMT-0800,185.863,185.847,0.012,0.012
13.11.2023 06:31:01.594 GMT-0800,185.863,185.83700000000002,0.012,0.012
13.11.2023 06:31:01.839 GMT-0800,185.863,185.847,0.012,0.012
13.11.2023 06:31:01.890 GMT-0800,185.864,185.83599999999998,0.012,0.012
13.11.2023 06:31:02.038 GMT-0800,185.893,185.857,0.012,0.012
13.11.2023 06:31:02.139 GMT-0800,185.893,185.86700000000002,0.012,0.012
13.11.2023 06:31:02.250 GMT-0800,185.88400000000001,185.856,0.012,0.012
13.11.2023 06:31:02.301 GMT-0800,185.893,185.857,0.012,0.012
13.11.2023 06:31:02.352 GMT-0800,185.91400000000002,185.886,0.012,0.012
13.11.2023 06:31:02.569 GMT-0800,185.923,185.89700000000002,0.012,0.012
13.11.2023 06:31:02.670 GMT-0800,185.91400000000002,185.886,0.012,0.012
13.11.2023 06:31:02.774 GMT-0800,185.90400000000002,185.886,0.012,0.012
13.11.2023 06:31:02.824 GMT-0800,185.894,185.86599999999999,0.012,0.012
13.11.2023 06:31:02.875 GMT-0800,185.90400000000002,185.86599999999999,0.012,0.012
13.11.2023 06:31:02.925 GMT-0800,185.894,185.86599999999999,0.012,0.012
13.11.2023 06:31:03.205 GMT-0800,185.893,185.857,0.012,0.012
13.11.2023 06:31:03.256 GMT-0800,185.883,185.857,0.012,0.012
13.11.2023 06:31:03.357 GMT-0800,185.894,185.86599999999999,0.012,0.012
13.11.2023 06:31:03.458 GMT-0800,185.894,185.856,0.012,0.012
13.11.2023 06:31:03.508 GMT-0800,185.894,185.86599999999999,0.012,0.012
13.11.2023 06:31:03.585 GMT-0800,185.883,185.847,0.012,0.012
13.11.2023 06:31:03.636 GMT-0800,185.864,185.83599999999998,0.012,0.012
13.11.2023 06:31:03.686 GMT-0800,185.87400000000002,185.83599999999998,0.012,0.012
13.11.2023 06:31:03.737 GMT-0800,185.863,185.83700000000002,0.012,0.012
13.11.2023 06:31:04.128 GMT-0800,185.873,185.847,0.012,0.012
13.11.2023 06:31:04.229 GMT-0800,185.883,185.86700000000002,0.012,0.012
13.11.2023 06:31:04.279 GMT-0800,185.903,185.877,0.012,0.012
13.11.2023 06:31:04.330 GMT-0800,185.903,185.86700000000002,0.012,0.012
13.11.2023 06:31:04.380 GMT-0800,185.894,185.86599999999999,0.012,0.012
13.11.2023 06:31:04.481 GMT-0800,185.90400000000002,185.87599999999998,0.012,0.012
13.11.2023 06:31:04.532 GMT-0800,185.903,185.86700000000002,0.012,0.012
13.11.2023 06:31:04.883 GMT-0800,185.894,185.86599999999999,0.012,0.012
13.11.2023 06:31:04.947 GMT-0800,185.893,185.857,0.012,0.012
13.11.2023 06:31:04.997 GMT-0800,185.894,185.86599999999999,0.012,0.012
13.11.2023 06:31:05.161 GMT-0800,185.893,185.857,0.012,0.012
13.11.2023 06:31:05.215 GMT-0800,185.894,185.86599999999999,0.012,0.012
13.11.2023 06:31:05.347 GMT-0800,185.91299999999998,185.887,0.012,0.012
13.11.2023 06:31:05.398 GMT-0800,185.91400000000002,185.87599999999998,0.012,0.012
13.11.2023 06:31:05.499 GMT-0800,185.924,185.886,0.012,0.012
13.11.2023 06:31:05.787 GMT-0800,185.903,185.887,0.012,0.012
13.11.2023 06:31:05.939 GMT-0800,185.894,185.86599999999999,0.012,0.012
13.11.2023 06:31:06.465 GMT-0800,185.894,185.87599999999998,0.012,0.012
13.11.2023 06:31:06.563 GMT-0800,185.893,185.857,0.012,0.012
13.11.2023 06:31:06.614 GMT-0800,185.90400000000002,185.86599999999999,0.012,0.012
13.11.2023 06:31:06.860 GMT-0800,185.903,185.877,0.012,0.012
13.11.2023 06:31:07.157 GMT-0800,185.883,185.857,0.012,0.012
13.11.2023 06:31:07.322 GMT-0800,185.893,185.857,0.012,0.012
13.11.2023 06:31:07.687 GMT-0800,185.894,185.84599999999998,0.012,0.012
13.11.2023 06:31:07.738 GMT-0800,185.843,185.817,0.012,0.012
13.11.2023 06:31:07.842 GMT-0800,185.853,185.817,0.012,0.012
13.11.2023 06:31:07.895 GMT-0800,185.84400000000002,185.816,0.012,0.012
13.11.2023 06:31:07.946 GMT-0800,185.854,185.816,0.012,0.012
13.11.2023 06:31:08.092 GMT-0800,185.864,185.83599999999998,0.012,0.012
13.11.2023 06:31:08.207 GMT-0800,185.853,185.817,0.012,0.012
13.11.2023 06:31:08.303 GMT-0800,185.864,185.816,0.012,0.012
13.11.2023 06:31:08.646 GMT-0800,185.854,185.816,0.012,0.012
13.11.2023 06:31:08.747 GMT-0800,185.853,185.827,0.012,0.012
13.11.2023 06:31:08.959 GMT-0800,185.84400000000002,185.816,0.012,0.012
13.11.2023 06:31:09.010 GMT-0800,185.853,185.817,0.012,0.012
13.11.2023 06:31:09.111 GMT-0800,185.864,185.816,0.012,0.012
13.11.2023 06:31:09.221 GMT-0800,185.853,185.817,0.012,0.012
13.11.2023 06:31:09.341 GMT-0800,185.864,185.83599999999998,0.012,0.012
13.11.2023 06:31:09.392 GMT-0800,185.873,185.83700000000002,0.012,0.012
13.11.2023 06:31:09.489 GMT-0800,185.864,185.83599999999998,0.012,0.012
13.11.2023 06:31:09.625 GMT-0800,185.863,185.827,0.012,0.012
13.11.2023 06:31:09.802 GMT-0800,185.854,185.826,0.012,0.012
13.11.2023 06:31:09.903 GMT-0800,185.853,185.817,0.012,0.012
13.11.2023 06:31:09.973 GMT-0800,185.84400000000002,185.816,0.012,0.012
13.11.2023 06:31:10.024 GMT-0800,185.843,185.80700000000002,0.012,0.012
13.11.2023 06:31:10.075 GMT-0800,185.83400000000003,185.80599999999998,0.012,0.012
13.11.2023 06:31:10.125 GMT-0800,185.803,185.787,0.012,0.012
13.11.2023 06:31:10.182 GMT-0800,185.80400000000003,185.766,0.012,0.012
13.11.2023 06:31:10.233 GMT-0800,185.794,185.756,0.012,0.012
13.11.2023 06:31:10.592 GMT-0800,185.80400000000003,185.756,0.012,0.012
13.11.2023 06:31:10.643 GMT-0800,185.773,185.73700000000002,0.012,0.012
13.11.2023 06:31:10.793 GMT-0800,185.803,185.757,0.012,0.012
13.11.2023 06:31:10.843 GMT-0800,185.80400000000003,185.77599999999998,0.012,0.012
13.11.2023 06:31:10.894 GMT-0800,185.80400000000003,185.766,0.012,0.012
13.11.2023 06:31:10.966 GMT-0800,185.794,185.756,0.012,0.012
13.11.2023 06:31:11.230 GMT-0800,185.803,185.757,0.012,0.012
13.11.2023 06:31:11.351 GMT-0800,185.794,185.756,0.012,0.012
13.11.2023 06:31:11.527 GMT-0800,185.80400000000003,185.77599999999998,0.012,0.012
13.11.2023 06:31:11.577 GMT-0800,185.794,185.756,0.012,0.012
13.11.2023 06:31:11.628 GMT-0800,185.77400000000003,185.74599999999998,0.012,0.012
13.11.2023 06:31:11.678 GMT-0800,185.78400000000002,185.74599999999998,0.012,0.012
13.11.2023 06:31:11.808 GMT-0800,185.794,185.74599999999998,0.012,0.012
13.11.2023 06:31:11.859 GMT-0800,185.78400000000002,185.74599999999998,0.012,0.012
13.11.2023 06:31:12.158 GMT-0800,185.793,185.747,0.012,0.012
13.11.2023 06:31:12.208 GMT-0800,185.78400000000002,185.74599999999998,0.012,0.012
13.11.2023 06:31:12.359 GMT-0800,185.77400000000003,185.736,0.012,0.012
13.11.2023 06:31:12.468 GMT-0800,185.753,185.727,0.012,0.012
13.11.2023 06:31:12.518 GMT-0800,185.773,185.727,0.012,0.012
13.11.2023 06:31:12.569 GMT-0800,185.764,185.736,0.012,0.012
13.11.2023 06:31:12.620 GMT-0800,185.763,185.727,0.012,0.012
13.11.2023 06:31:12.815 GMT-0800,185.753,185.727,0.012,0.012
13.11.2023 06:31:13.051 GMT-0800,185.753,185.717,0.012,0.012
13.11.2023 06:31:13.163 GMT-0800,185.75400000000002,185.736,0.012,0.012
13.11.2023 06:31:13.214 GMT-0800,185.764,185.726,0.012,0.012
13.11.2023 06:31:13.290 GMT-0800,185.734,185.706,0.012,0.012
13.11.2023 06:31:13.340 GMT-0800,185.733,185.697,0.012,0.012
13.11.2023 06:31:13.412 GMT-0800,185.743,185.697,0.012,0.012
13.11.2023 06:31:13.462 GMT-0800,185.733,185.697,0.012,0.012
13.11.2023 06:31:13.563 GMT-0800,185.74400000000003,185.696,0.012,0.012
13.11.2023 06:31:13.972 GMT-0800,185.734,185.696,0.012,0.012
13.11.2023 06:31:14.023 GMT-0800,185.743,185.697,0.012,0.012
13.11.2023 06:31:14.074 GMT-0800,185.72299999999998,185.67700000000002,0.012,0.012
13.11.2023 06:31:14.225 GMT-0800,185.743,185.717,0.012,0.012
13.11.2023 06:31:14.275 GMT-0800,185.74400000000003,185.706,0.012,0.012
13.11.2023 06:31:14.326 GMT-0800,185.743,185.717,0.012,0.012
13.11.2023 06:31:14.428 GMT-0800,185.74400000000003,185.706,0.012,0.012
13.11.2023 06:31:14.479 GMT-0800,185.72299999999998,185.70700000000002,0.012,0.012
13.11.2023 06:31:14.530 GMT-0800,185.733,185.70700000000002,0.012,0.012
13.11.2023 06:31:14.630 GMT-0800,185.74400000000003,185.71599999999998,0.012,0.012
13.11.2023 06:31:14.681 GMT-0800,185.75400000000002,185.71599999999998,0.012,0.012
13.11.2023 06:31:14.731 GMT-0800,185.74400000000003,185.706,0.012,0.012
13.11.2023 06:31:14.782 GMT-0800,185.743,185.697,0.012,0.012
13.11.2023 06:31:14.832 GMT-0800,185.733,185.697,0.012,0.012
13.11.2023 06:31:15.098 GMT-0800,185.74400000000003,185.696,0.012,0.012
13.11.2023 06:31:15.537 GMT-0800,185.734,185.696,0.012,0.012
13.11.2023 06:31:15.588 GMT-0800,185.72400000000002,185.676,0.012,0.012
13.11.2023 06:31:15.896 GMT-0800,185.72299999999998,185.697,0.012,0.012
13.11.2023 06:31:16.574 GMT-0800,185.704,185.676,0.012,0.012
13.11.2023 06:31:16.624 GMT-0800,185.713,185.67700000000002,0.012,0.012
13.11.2023 06:31:16.675 GMT-0800,185.713,185.687,0.012,0.012
13.11.2023 06:31:16.957 GMT-0800,185.72299999999998,185.687,0.012,0.012
13.11.2023 06:31:17.061 GMT-0800,185.72299999999998,185.697,0.012,0.012
13.11.2023 06:31:17.204 GMT-0800,185.763,185.717,0.012,0.012
13.11.2023 06:31:17.480 GMT-0800,185.753,185.717,0.012,0.012
13.11.2023 06:31:17.656 GMT-0800,185.72400000000002,185.68599999999998,0.012,0.012
13.11.2023 06:31:17.757 GMT-0800,185.734,185.696,0.012,0.012
13.11.2023 06:31:18.138 GMT-0800,185.743,185.697,0.012,0.012
13.11.2023 06:31:18.189 GMT-0800,185.734,185.696,0.012,0.012
13.11.2023 06:31:18.329 GMT-0800,185.72400000000002,185.696,0.012,0.012
13.11.2023 06:31:18.453 GMT-0800,185.71400000000003,185.68599999999998,0.012,0.012
13.11.2023 06:31:18.668 GMT-0800,185.713,185.697,0.012,0.012
13.11.2023 06:31:18.719 GMT-0800,185.713,185.687,0.012,0.012
13.11.2023 06:31:18.770 GMT-0800,185.704,185.68599999999998,0.012,0.012
13.11.2023 06:31:18.977 GMT-0800,185.733,185.697,0.012,0.012
13.11.2023 06:31:19.028 GMT-0800,185.703,185.67700000000002,0.012,0.012
13.11.2023 06:31:19.079 GMT-0800,185.713,185.67700000000002,0.012,0.012
13.11.2023 06:31:19.370 GMT-0800,185.704,185.676,0.012,0.012
13.11.2023 06:31:19.471 GMT-0800,185.713,185.67700000000002,0.012,0.012
13.11.2023 06:31:19.664 GMT-0800,185.704,185.676,0.012,0.012
13.11.2023 06:31:19.714 GMT-0800,185.703,185.667,0.012,0.012
13.11.2023 06:31:19.765 GMT-0800,185.704,185.676,0.012,0.012
13.11.2023 06:31:19.815 GMT-0800,185.703,185.667,0.012,0.012
13.11.2023 06:31:19.949 GMT-0800,185.69400000000002,185.666,0.012,0.012
13.11.2023 06:31:20.000 GMT-0800,185.69400000000002,185.65599999999998,0.012,0.012
13.11.2023 06:31:20.238 GMT-0800,185.69400000000002,185.666,0.012,0.012
13.11.2023 06:31:20.390 GMT-0800,185.71400000000003,185.676,0.012,0.012
13.11.2023 06:31:20.440 GMT-0800,185.713,185.687,0.012,0.012
13.11.2023 06:31:20.654 GMT-0800,185.703,185.67700000000002,0.012,0.012
13.11.2023 06:31:20.713 GMT-0800,185.713,185.67700000000002,0.012,0.012
13.11.2023 06:31:20.763 GMT-0800,185.69299999999998,185.67700000000002,0.012,0.012
13.11.2023 06:31:20.814 GMT-0800,185.69299999999998,185.667,0.012,0.012
13.11.2023 06:31:20.865 GMT-0800,185.704,185.666,0.012,0.012
13.11.2023 06:31:20.925 GMT-0800,185.69299999999998,185.667,0.012,0.012
13.11.2023 06:31:21.027 GMT-0800,185.69299999999998,185.657,0.012,0.012
13.11.2023 06:31:21.077 GMT-0800,185.69400000000002,185.666,0.012,0.012
13.11.2023 06:31:21.152 GMT-0800,185.704,185.666,0.012,0.012
13.11.2023 06:31:21.202 GMT-0800,185.69299999999998,185.667,0.012,0.012
13.11.2023 06:31:21.253 GMT-0800,185.703,185.667,0.012,0.012
13.11.2023 06:31:21.354 GMT-0800,185.69400000000002,185.65599999999998,0.012,0.012
13.11.2023 06:31:21.457 GMT-0800,185.703,185.67700000000002,0.012,0.012
13.11.2023 06:31:21.534 GMT-0800,185.703,185.667,0.012,0.012
13.11.2023 06:31:21.691 GMT-0800,185.69299999999998,185.667,0.012,0.012
13.11.2023 06:31:21.799 GMT-0800,185.69400000000002,185.65599999999998,0.012,0.012
13.11.2023 06:31:22.276 GMT-0800,185.68400000000003,185.65599999999998,0.012,0.012
13.11.2023 06:31:22.326 GMT-0800,185.69299999999998,185.657,0.012,0.012
13.11.2023 06:31:22.433 GMT-0800,185.674,185.646,0.012,0.012
13.11.2023 06:31:22.484 GMT-0800,185.683,185.64700000000002,0.012,0.012
13.11.2023 06:31:22.585 GMT-0800,185.683,185.657,0.012,0.012
13.11.2023 06:31:22.635 GMT-0800,185.683,185.64700000000002,0.012,0.012
13.11.2023 06:31:22.686 GMT-0800,185.683,185.657,0.012,0.012
13.11.2023 06:31:22.766 GMT-0800,185.69299999999998,185.657,0.012,0.012
13.11.2023 06:31:22.816 GMT-0800,185.683,185.657,0.012,0.012
13.11.2023 06:31:22.940 GMT-0800,185.69400000000002,185.65599999999998,0.012,0.012
13.11.2023 06:31:23.171 GMT-0800,185.69299999999998,185.667,0.012,0.012
13.11.2023 06:31:23.229 GMT-0800,185.704,185.666,0.012,0.012
13.11.2023 06:31:23.369 GMT-0800,185.703,185.67700000000002,0.012,0.012
13.11.2023 06:31:23.419 GMT-0800,185.703,185.667,0.012,0.012
13.11.2023 06:31:23.525 GMT-0800,185.703,185.67700000000002,0.012,0.012
13.11.2023 06:31:23.721 GMT-0800,185.683,185.657,0.012,0.012
13.11.2023 06:31:23.771 GMT-0800,185.683,185.64700000000002,0.012,0.012
13.11.2023 06:31:23.882 GMT-0800,185.674,185.646,0.012,0.012
13.11.2023 06:31:23.983 GMT-0800,185.653,185.61700000000002,0.012,0.012
13.11.2023 06:31:24.142 GMT-0800,185.66299999999998,185.637,0.012,0.012
13.11.2023 06:31:24.243 GMT-0800,185.673,185.627,0.012,0.012
13.11.2023 06:31:24.380 GMT-0800,185.673,185.637,0.012,0.012
13.11.2023 06:31:24.486 GMT-0800,185.674,185.646,0.012,0.012
13.11.2023 06:31:24.537 GMT-0800,185.673,185.637,0.012,0.012
13.11.2023 06:31:24.588 GMT-0800,185.683,185.637,0.012,0.012
13.11.2023 06:31:24.657 GMT-0800,185.673,185.637,0.012,0.012
13.11.2023 06:31:24.970 GMT-0800,185.68400000000003,185.646,0.012,0.012
13.11.2023 06:31:25.071 GMT-0800,185.66299999999998,185.627,0.012,0.012
13.11.2023 06:31:25.488 GMT-0800,185.66299999999998,185.637,0.012,0.012
13.11.2023 06:31:25.539 GMT-0800,185.68400000000003,185.646,0.012,0.012
13.11.2023 06:31:25.640 GMT-0800,185.66400000000002,185.636,0.012,0.012
13.11.2023 06:31:25.740 GMT-0800,185.673,185.637,0.012,0.012
13.11.2023 06:31:26.335 GMT-0800,185.683,185.657,0.012,0.012
13.11.2023 06:31:26.385 GMT-0800,185.68400000000003,185.646,0.012,0.012
13.11.2023 06:31:26.436 GMT-0800,185.683,185.657,0.012,0.012
13.11.2023 06:31:26.817 GMT-0800,185.673,185.657,0.012,0.012
13.11.2023 06:31:26.867 GMT-0800,185.673,185.64700000000002,0.012,0.012
13.11.2023 06:31:26.968 GMT-0800,185.68400000000003,185.65599999999998,0.012,0.012
13.11.2023 06:31:27.420 GMT-0800,185.683,185.667,0.012,0.012
13.11.2023 06:31:27.471 GMT-0800,185.68400000000003,185.65599999999998,0.012,0.012
13.11.2023 06:31:28.269 GMT-0800,185.683,185.667,0.012,0.012
13.11.2023 06:31:28.320 GMT-0800,185.683,185.657,0.012,0.012
13.11.2023 06:31:28.371 GMT-0800,185.683,185.667,0.012,0.012
13.11.2023 06:31:28.425 GMT-0800,185.683,185.657,0.012,0.012
13.11.2023 06:31:29.033 GMT-0800,185.68400000000003,185.646,0.012,0.012
13.11.2023 06:31:29.133 GMT-0800,185.673,185.64700000000002,0.012,0.012
13.11.2023 06:31:29.234 GMT-0800,185.683,185.64700000000002,0.012,0.012
13.11.2023 06:31:29.327 GMT-0800,185.683,185.657,0.012,0.012
13.11.2023 06:31:29.377 GMT-0800,185.68400000000003,185.646,0.012,0.012
13.11.2023 06:31:29.460 GMT-0800,185.683,185.657,0.012,0.012
13.11.2023 06:31:29.631 GMT-0800,185.68400000000003,185.646,0.012,0.012
13.11.2023 06:31:29.682 GMT-0800,185.68400000000003,185.65599999999998,0.012,0.012
13.11.2023 06:31:29.972 GMT-0800,185.683,185.667,0.012,0.012
13.11.2023 06:31:30.022 GMT-0800,185.68400000000003,185.65599999999998,0.012,0.012
13.11.2023 06:31:30.128 GMT-0800,185.683,185.64700000000002,0.012,0.012
13.11.2023 06:31:30.178 GMT-0800,185.683,185.657,0.012,0.012
13.11.2023 06:31:30.279 GMT-0800,185.68400000000003,185.646,0.012,0.012
13.11.2023 06:31:30.434 GMT-0800,185.68400000000003,185.65599999999998,0.012,0.012
13.11.2023 06:31:30.535 GMT-0800,185.683,185.667,0.012,0.012
13.11.2023 06:31:30.586 GMT-0800,185.683,185.657,0.012,0.012
13.11.2023 06:31:30.739 GMT-0800,185.68400000000003,185.666,0.012,0.012
13.11.2023 06:31:30.804 GMT-0800,185.68400000000003,185.65599999999998,0.012,0.012
13.11.2023 06:31:31.518 GMT-0800,185.68400000000003,185.666,0.012,0.012
13.11.2023 06:31:31.696 GMT-0800,185.704,185.676,0.012,0.012
13.11.2023 06:31:31.797 GMT-0800,185.74400000000003,185.71599999999998,0.012,0.012
13.11.2023 06:31:31.848 GMT-0800,185.75400000000002,185.71599999999998,0.012,0.012
13.11.2023 06:31:32.071 GMT-0800,185.773,185.727,0.012,0.012
13.11.2023 06:31:32.299 GMT-0800,185.773,185.73700000000002,0.012,0.012
13.11.2023 06:31:32.422 GMT-0800,185.78400000000002,185.736,0.012,0.012
13.11.2023 06:31:32.473 GMT-0800,185.783,185.747,0.012,0.012
13.11.2023 06:31:32.648 GMT-0800,185.783,185.73700000000002,0.012,0.012
13.11.2023 06:31:32.698 GMT-0800,185.77400000000003,185.736,0.012,0.012
13.11.2023 06:31:32.882 GMT-0800,185.783,185.73700000000002,0.012,0.012
13.11.2023 06:31:32.994 GMT-0800,185.78400000000002,185.74599999999998,0.012,0.012
13.11.2023 06:31:33.111 GMT-0800,185.764,185.726,0.012,0.012
13.11.2023 06:31:33.231 GMT-0800,185.753,185.727,0.012,0.012
13.11.2023 06:31:33.379 GMT-0800,185.764,185.726,0.012,0.012
13.11.2023 06:31:33.430 GMT-0800,185.753,185.727,0.012,0.012
13.11.2023 06:31:33.531 GMT-0800,185.763,185.73700000000002,0.012,0.012
13.11.2023 06:31:33.648 GMT-0800,185.75400000000002,185.726,0.012,0.012
13.11.2023 06:31:34.039 GMT-0800,185.75400000000002,185.71599999999998,0.012,0.012
13.11.2023 06:31:34.210 GMT-0800,185.74400000000003,185.71599999999998,0.012,0.012
13.11.2023 06:31:34.762 GMT-0800,185.75400000000002,185.726,0.012,0.012
13.11.2023 06:31:34.813 GMT-0800,185.764,185.726,0.012,0.012
13.11.2023 06:31:34.864 GMT-0800,185.753,185.717,0.012,0.012
13.11.2023 06:31:34.965 GMT-0800,185.763,185.717,0.012,0.012
13.11.2023 06:31:35.015 GMT-0800,185.75400000000002,185.726,0.012,0.012
13.11.2023 06:31:35.066 GMT-0800,185.763,185.727,0.012,0.012
13.11.2023 06:31:35.213 GMT-0800,185.753,185.727,0.012,0.012
13.11.2023 06:31:35.263 GMT-0800,185.763,185.727,0.012,0.012
13.11.2023 06:31:35.737 GMT-0800,185.763,185.73700000000002,0.012,0.012
13.11.2023 06:31:35.787 GMT-0800,185.763,185.727,0.012,0.012
13.11.2023 06:31:35.838 GMT-0800,185.75400000000002,185.726,0.012,0.012
13.11.2023 06:31:35.888 GMT-0800,185.764,185.71599999999998,0.012,0.012
13.11.2023 06:31:35.940 GMT-0800,185.753,185.717,0.012,0.012
13.11.2023 06:31:36.052 GMT-0800,185.743,185.727,0.012,0.012
13.11.2023 06:31:36.103 GMT-0800,185.74400000000003,185.71599999999998,0.012,0.012
13.11.2023 06:31:36.236 GMT-0800,185.734,185.706,0.012,0.012
13.11.2023 06:31:36.337 GMT-0800,185.71400000000003,185.676,0.012,0.012
13.11.2023 06:31:36.387 GMT-0800,185.71400000000003,185.68599999999998,0.012,0.012
13.11.2023 06:31:36.438 GMT-0800,185.72299999999998,185.687,0.012,0.012
13.11.2023 06:31:36.539 GMT-0800,185.71400000000003,185.68599999999998,0.012,0.012
13.11.2023 06:31:36.640 GMT-0800,185.72299999999998,185.687,0.012,0.012
13.11.2023 06:31:36.690 GMT-0800,185.71400000000003,185.676,0.012,0.012
13.11.2023 06:31:37.285 GMT-0800,185.72299999999998,185.67700000000002,0.012,0.012
13.11.2023 06:31:37.421 GMT-0800,185.713,185.67700000000002,0.012,0.012
13.11.2023 06:31:37.602 GMT-0800,185.704,185.676,0.012,0.012
13.11.2023 06:31:37.720 GMT-0800,185.68400000000003,185.65599999999998,0.012,0.012
13.11.2023 06:31:37.914 GMT-0800,185.674,185.65599999999998,0.012,0.012
13.11.2023 06:31:37.964 GMT-0800,185.683,185.657,0.012,0.012
13.11.2023 06:31:38.227 GMT-0800,185.674,185.65599999999998,0.012,0.012
13.11.2023 06:31:38.277 GMT-0800,185.683,185.64700000000002,0.012,0.012
13.11.2023 06:31:38.328 GMT-0800,185.68400000000003,185.65599999999998,0.012,0.012
13.11.2023 06:31:38.378 GMT-0800,185.69299999999998,185.657,0.012,0.012
13.11.2023 06:31:38.474 GMT-0800,185.683,185.657,0.012,0.012
13.11.2023 06:31:39.228 GMT-0800,185.68400000000003,185.646,0.012,0.012
13.11.2023 06:31:39.332 GMT-0800,185.674,185.646,0.012,0.012
13.11.2023 06:31:39.651 GMT-0800,185.66400000000002,185.62599999999998,0.012,0.012
13.11.2023 06:31:39.710 GMT-0800,185.65400000000002,185.62599999999998,0.012,0.012
13.11.2023 06:31:40.257 GMT-0800,185.644,185.62599999999998,0.012,0.012
13.11.2023 06:31:40.455 GMT-0800,185.63400000000001,185.61599999999999,0.012,0.012
13.11.2023 06:31:40.506 GMT-0800,185.614,185.58599999999998,0.012,0.012
13.11.2023 06:31:40.556 GMT-0800,185.603,185.577,0.012,0.012
13.11.2023 06:31:40.657 GMT-0800,185.62400000000002,185.59599999999998,0.012,0.012
13.11.2023 06:31:41.022 GMT-0800,185.63400000000001,185.59599999999998,0.012,0.012
13.11.2023 06:31:41.296 GMT-0800,185.643,185.607,0.012,0.012
13.11.2023 06:31:41.455 GMT-0800,185.643,185.597,0.012,0.012
13.11.2023 06:31:41.506 GMT-0800,185.644,185.606,0.012,0.012
13.11.2023 06:31:41.611 GMT-0800,185.644,185.59599999999998,0.012,0.012
13.11.2023 06:31:41.662 GMT-0800,185.643,185.61700000000002,0.012,0.012
13.11.2023 06:31:41.763 GMT-0800,185.643,185.607,0.012,0.012
13.11.2023 06:31:41.981 GMT-0800,185.643,185.597,0.012,0.012
13.11.2023 06:31:42.032 GMT-0800,185.633,185.597,0.012,0.012
13.11.2023 06:31:42.247 GMT-0800,185.643,185.597,0.012,0.012
13.11.2023 06:31:42.386 GMT-0800,185.63400000000001,185.59599999999998,0.012,0.012
13.11.2023 06:31:42.596 GMT-0800,185.623,185.597,0.012,0.012
13.11.2023 06:31:43.157 GMT-0800,185.613,185.597,0.012,0.012
13.11.2023 06:31:43.207 GMT-0800,185.623,185.597,0.012,0.012
13.11.2023 06:31:43.505 GMT-0800,185.614,185.59599999999998,0.012,0.012
13.11.2023 06:31:43.573 GMT-0800,185.62400000000002,185.59599999999998,0.012,0.012
13.11.2023 06:31:43.811 GMT-0800,185.613,185.597,0.012,0.012
13.11.2023 06:31:43.862 GMT-0800,185.623,185.597,0.012,0.012
13.11.2023 06:31:43.978 GMT-0800,185.613,185.597,0.012,0.012
13.11.2023 06:31:44.029 GMT-0800,185.623,185.597,0.012,0.012
13.11.2023 06:31:44.425 GMT-0800,185.613,185.597,0.012,0.012
13.11.2023 06:31:44.476 GMT-0800,185.603,185.577,0.012,0.012
13.11.2023 06:31:44.527 GMT-0800,185.593,185.577,0.012,0.012
13.11.2023 06:31:44.828 GMT-0800,185.58400000000003,185.55599999999998,0.012,0.012
13.11.2023 06:31:45.524 GMT-0800,185.58400000000003,185.546,0.012,0.012
13.11.2023 06:31:45.574 GMT-0800,185.58400000000003,185.55599999999998,0.012,0.012
13.11.2023 06:31:45.693 GMT-0800,185.573,185.547,0.012,0.012
13.11.2023 06:31:45.844 GMT-0800,185.56400000000002,185.536,0.012,0.012
13.11.2023 06:31:45.894 GMT-0800,185.574,185.536,0.012,0.012
13.11.2023 06:31:46.096 GMT-0800,185.574,185.546,0.012,0.012
13.11.2023 06:31:46.207 GMT-0800,185.56400000000002,185.536,0.012,0.012
13.11.2023 06:31:46.257 GMT-0800,185.563,185.52700000000002,0.012,0.012
13.11.2023 06:31:46.411 GMT-0800,185.55400000000003,185.52599999999998,0.012,0.012
13.11.2023 06:31:46.462 GMT-0800,185.56400000000002,185.52599999999998,0.012,0.012
13.11.2023 06:31:46.512 GMT-0800,185.55400000000003,185.52599999999998,0.012,0.012
13.11.2023 06:31:46.767 GMT-0800,185.56400000000002,185.536,0.012,0.012
13.11.2023 06:31:46.818 GMT-0800,185.573,185.537,0.012,0.012
13.11.2023 06:31:46.868 GMT-0800,185.563,185.537,0.012,0.012
13.11.2023 06:31:47.097 GMT-0800,185.553,185.52700000000002,0.012,0.012
13.11.2023 06:31:47.268 GMT-0800,185.553,185.51700000000002,0.012,0.012
13.11.2023 06:31:47.762 GMT-0800,185.55400000000003,185.52599999999998,0.012,0.012
13.11.2023 06:31:47.909 GMT-0800,185.543,185.51700000000002,0.012,0.012
13.11.2023 06:31:47.959 GMT-0800,185.55400000000003,185.516,0.012,0.012
13.11.2023 06:31:48.010 GMT-0800,185.55400000000003,185.536,0.012,0.012
13.11.2023 06:31:48.185 GMT-0800,185.573,185.547,0.012,0.012
13.11.2023 06:31:48.236 GMT-0800,185.593,185.55700000000002,0.012,0.012
13.11.2023 06:31:48.294 GMT-0800,185.583,185.55700000000002,0.012,0.012
13.11.2023 06:31:48.395 GMT-0800,185.574,185.546,0.012,0.012
13.11.2023 06:31:48.528 GMT-0800,185.573,185.537,0.012,0.012
13.11.2023 06:31:48.628 GMT-0800,185.563,185.52700000000002,0.012,0.012
13.11.2023 06:31:48.762 GMT-0800,185.56400000000002,185.536,0.012,0.012
13.11.2023 06:31:48.813 GMT-0800,185.563,185.52700000000002,0.012,0.012
13.11.2023 06:31:48.928 GMT-0800,185.55400000000003,185.52599999999998,0.012,0.012
13.11.2023 06:31:49.071 GMT-0800,185.563,185.537,0.012,0.012
13.11.2023 06:31:49.173 GMT-0800,185.553,185.52700000000002,0.012,0.012
13.11.2023 06:31:49.744 GMT-0800,185.55400000000003,185.536,0.012,0.012
13.11.2023 06:31:49.816 GMT-0800,185.553,185.52700000000002,0.012,0.012
13.11.2023 06:31:49.936 GMT-0800,185.55400000000003,185.536,0.012,0.012
13.11.2023 06:31:49.991 GMT-0800,185.56400000000002,185.536,0.012,0.012
13.11.2023 06:31:50.091 GMT-0800,185.55400000000003,185.52599999999998,0.012,0.012
13.11.2023 06:31:50.142 GMT-0800,185.563,185.52700000000002,0.012,0.012
13.11.2023 06:31:50.193 GMT-0800,185.56400000000002,185.536,0.012,0.012
13.11.2023 06:31:50.325 GMT-0800,185.55400000000003,185.52599999999998,0.012,0.012
13.11.2023 06:31:50.376 GMT-0800,185.56400000000002,185.52599999999998,0.012,0.012
13.11.2023 06:31:50.455 GMT-0800,185.553,185.52700000000002,0.012,0.012
13.11.2023 06:31:50.556 GMT-0800,185.544,185.516,0.012,0.012
13.11.2023 06:31:50.869 GMT-0800,185.543,185.507,0.012,0.012
13.11.2023 06:31:50.920 GMT-0800,185.533,185.507,0.012,0.012
13.11.2023 06:31:51.119 GMT-0800,185.533,185.51700000000002,0.012,0.012
13.11.2023 06:31:51.263 GMT-0800,185.544,185.52599999999998,0.012,0.012
13.11.2023 06:31:51.387 GMT-0800,185.543,185.51700000000002,0.012,0.012
13.11.2023 06:31:51.439 GMT-0800,185.543,185.52700000000002,0.012,0.012
13.11.2023 06:31:51.490 GMT-0800,185.543,185.51700000000002,0.012,0.012
13.11.2023 06:31:51.580 GMT-0800,185.543,185.52700000000002,0.012,0.012
13.11.2023 06:31:51.919 GMT-0800,185.543,185.51700000000002,0.012,0.012
13.11.2023 06:31:52.476 GMT-0800,185.544,185.52599999999998,0.012,0.012
13.11.2023 06:31:52.652 GMT-0800,185.543,185.51700000000002,0.012,0.012
13.11.2023 06:31:52.897 GMT-0800,185.553,185.537,0.012,0.012
13.11.2023 06:31:52.947 GMT-0800,185.573,185.547,0.012,0.012
13.11.2023 06:31:53.858 GMT-0800,185.563,185.537,0.012,0.012
13.11.2023 06:31:54.303 GMT-0800,185.573,185.55700000000002,0.012,0.012
13.11.2023 06:31:54.370 GMT-0800,185.573,185.547,0.012,0.012
13.11.2023 06:31:54.443 GMT-0800,185.574,185.55599999999998,0.012,0.012
13.11.2023 06:31:54.494 GMT-0800,185.613,185.567,0.012,0.012
13.11.2023 06:31:54.555 GMT-0800,185.603,185.577,0.012,0.012
13.11.2023 06:31:55.078 GMT-0800,185.604,185.566,0.012,0.012
13.11.2023 06:31:55.243 GMT-0800,185.603,185.577,0.012,0.012
13.11.2023 06:31:55.294 GMT-0800,185.604,185.566,0.012,0.012
13.11.2023 06:31:55.348 GMT-0800,185.604,185.576,0.012,0.012
13.11.2023 06:31:55.485 GMT-0800,185.604,185.566,0.012,0.012
13.11.2023 06:31:55.609 GMT-0800,185.604,185.576,0.012,0.012
13.11.2023 06:31:55.858 GMT-0800,185.603,185.567,0.012,0.012
13.11.2023 06:31:55.956 GMT-0800,185.603,185.577,0.012,0.012
13.11.2023 06:31:56.066 GMT-0800,185.604,185.566,0.012,0.012
13.11.2023 06:31:56.117 GMT-0800,185.603,185.58700000000002,0.012,0.012
13.11.2023 06:31:56.373 GMT-0800,185.62400000000002,185.59599999999998,0.012,0.012
13.11.2023 06:31:56.466 GMT-0800,185.633,185.597,0.012,0.012
13.11.2023 06:31:56.517 GMT-0800,185.623,185.597,0.012,0.012
13.11.2023 06:31:57.672 GMT-0800,185.613,185.597,0.012,0.012
13.11.2023 06:31:57.783 GMT-0800,185.623,185.597,0.012,0.012
13.11.2023 06:31:57.894 GMT-0800,185.623,185.607,0.012,0.012
13.11.2023 06:31:58.221 GMT-0800,185.644,185.61599999999999,0.012,0.012
13.11.2023 06:31:58.272 GMT-0800,185.643,185.627,0.012,0.012
13.11.2023 06:31:58.523 GMT-0800,185.65400000000002,185.62599999999998,0.012,0.012
13.11.2023 06:31:58.658 GMT-0800,185.653,185.61700000000002,0.012,0.012
13.11.2023 06:31:58.888 GMT-0800,185.653,185.637,0.012,0.012
13.11.2023 06:31:58.989 GMT-0800,185.673,185.64700000000002,0.012,0.012
13.11.2023 06:31:59.090 GMT-0800,185.683,185.64700000000002,0.012,0.012
13.11.2023 06:31:59.214 GMT-0800,185.683,185.657,0.012,0.012
13.11.2023 06:31:59.337 GMT-0800,185.704,185.666,0.012,0.012
13.11.2023 06:31:59.388 GMT-0800,185.69400000000002,185.666,0.012,0.012
13.11.2023 06:31:59.590 GMT-0800,185.703,185.667,0.012,0.012
13.11.2023 06:31:59.703 GMT-0800,185.69400000000002,185.666,0.012,0.012
13.11.2023 06:31:59.753 GMT-0800,185.704,185.666,0.012,0.012
13.11.2023 06:31:59.836 GMT-0800,185.704,185.68599999999998,0.012,0.012
13.11.2023 06:31:59.887 GMT-0800,185.72299999999998,185.697,0.012,0.012
13.11.2023 06:31:59.987 GMT-0800,185.743,185.727,0.012,0.012
13.11.2023 06:32:00.038 GMT-0800,185.763,185.727,0.012,0.012
13.11.2023 06:32:00.088 GMT-0800,185.77400000000003,185.736,0.012,0.012
13.11.2023 06:32:00.177 GMT-0800,185.773,185.727,0.012,0.012
13.11.2023 06:32:00.227 GMT-0800,185.75400000000002,185.726,0.012,0.012
13.11.2023 06:32:00.278 GMT-0800,185.763,185.727,0.012,0.012
13.11.2023 06:32:00.328 GMT-0800,185.764,185.736,0.012,0.012
13.11.2023 06:32:00.463 GMT-0800,185.773,185.747,0.012,0.012
13.11.2023 06:32:00.514 GMT-0800,185.753,185.717,0.012,0.012
13.11.2023 06:32:00.627 GMT-0800,185.75400000000002,185.726,0.012,0.012
13.11.2023 06:32:00.740 GMT-0800,185.763,185.727,0.012,0.012
13.11.2023 06:32:00.790 GMT-0800,185.753,185.727,0.012,0.012
13.11.2023 06:32:00.879 GMT-0800,185.764,185.726,0.012,0.012
13.11.2023 06:32:00.929 GMT-0800,185.753,185.727,0.012,0.012
13.11.2023 06:32:01.014 GMT-0800,185.753,185.717,0.012,0.012
13.11.2023 06:32:01.065 GMT-0800,185.74400000000003,185.71599999999998,0.012,0.012
13.11.2023 06:32:01.166 GMT-0800,185.75400000000002,185.726,0.012,0.012
13.11.2023 06:32:01.216 GMT-0800,185.753,185.717,0.012,0.012
13.11.2023 06:32:01.371 GMT-0800,185.743,185.717,0.012,0.012
13.11.2023 06:32:01.421 GMT-0800,185.753,185.717,0.012,0.012
13.11.2023 06:32:01.472 GMT-0800,185.773,185.73700000000002,0.012,0.012
13.11.2023 06:32:01.582 GMT-0800,185.78400000000002,185.756,0.012,0.012
13.11.2023 06:32:01.683 GMT-0800,185.794,185.756,0.012,0.012
13.11.2023 06:32:01.921 GMT-0800,185.783,185.747,0.012,0.012
13.11.2023 06:32:02.091 GMT-0800,185.77400000000003,185.74599999999998,0.012,0.012
13.11.2023 06:32:02.141 GMT-0800,185.77400000000003,185.736,0.012,0.012
13.11.2023 06:32:02.192 GMT-0800,185.764,185.736,0.012,0.012
13.11.2023 06:32:02.482 GMT-0800,185.75400000000002,185.736,0.012,0.012
13.11.2023 06:32:02.544 GMT-0800,185.753,185.727,0.012,0.012
13.11.2023 06:32:02.617 GMT-0800,185.763,185.727,0.012,0.012
13.11.2023 06:32:02.667 GMT-0800,185.753,185.73700000000002,0.012,0.012
13.11.2023 06:32:02.718 GMT-0800,185.78400000000002,185.756,0.012,0.012
13.11.2023 06:32:02.884 GMT-0800,185.783,185.76700000000002,0.012,0.012
13.11.2023 06:32:02.935 GMT-0800,185.794,185.766,0.012,0.012
13.11.2023 06:32:03.104 GMT-0800,185.783,185.757,0.012,0.012
13.11.2023 06:32:03.154 GMT-0800,185.75400000000002,185.736,0.012,0.012
13.11.2023 06:32:03.301 GMT-0800,185.75400000000002,185.726,0.012,0.012
13.11.2023 06:32:03.351 GMT-0800,185.743,185.727,0.012,0.012
13.11.2023 06:32:03.485 GMT-0800,185.74400000000003,185.706,0.012,0.012
13.11.2023 06:32:03.586 GMT-0800,185.734,185.706,0.012,0.012
13.11.2023 06:32:03.697 GMT-0800,185.743,185.70700000000002,0.012,0.012
13.11.2023 06:32:03.752 GMT-0800,185.763,185.73700000000002,0.012,0.012
13.11.2023 06:32:03.803 GMT-0800,185.773,185.73700000000002,0.012,0.012
13.11.2023 06:32:04.291 GMT-0800,185.764,185.726,0.012,0.012
13.11.2023 06:32:04.470 GMT-0800,185.77400000000003,185.726,0.012,0.012
13.11.2023 06:32:04.521 GMT-0800,185.77400000000003,185.74599999999998,0.012,0.012
13.11.2023 06:32:04.676 GMT-0800,185.78400000000002,185.756,0.012,0.012
13.11.2023 06:32:05.308 GMT-0800,185.783,185.76700000000002,0.012,0.012
13.11.2023 06:32:05.359 GMT-0800,185.80400000000003,185.77599999999998,0.012,0.012
13.11.2023 06:32:05.510 GMT-0800,185.803,185.787,0.012,0.012
13.11.2023 06:32:05.560 GMT-0800,185.843,185.80700000000002,0.012,0.012
13.11.2023 06:32:05.611 GMT-0800,185.83400000000003,185.80599999999998,0.012,0.012
13.11.2023 06:32:05.661 GMT-0800,185.83400000000003,185.796,0.012,0.012
13.11.2023 06:32:05.786 GMT-0800,185.813,185.787,0.012,0.012
13.11.2023 06:32:05.837 GMT-0800,185.823,185.787,0.012,0.012
13.11.2023 06:32:05.887 GMT-0800,185.833,185.80700000000002,0.012,0.012
13.11.2023 06:32:05.988 GMT-0800,185.863,185.827,0.012,0.012
13.11.2023 06:32:06.089 GMT-0800,185.854,185.826,0.012,0.012
13.11.2023 06:32:06.204 GMT-0800,185.864,185.826,0.012,0.012
13.11.2023 06:32:06.254 GMT-0800,185.843,185.827,0.012,0.012
13.11.2023 06:32:06.305 GMT-0800,185.854,185.826,0.012,0.012
13.11.2023 06:32:06.428 GMT-0800,185.853,185.817,0.012,0.012
13.11.2023 06:32:06.576 GMT-0800,185.84400000000002,185.80599999999998,0.012,0.012
13.11.2023 06:32:06.677 GMT-0800,185.853,185.827,0.012,0.012
13.11.2023 06:32:06.882 GMT-0800,185.873,185.83700000000002,0.012,0.012
13.11.2023 06:32:06.995 GMT-0800,185.893,185.857,0.012,0.012
13.11.2023 06:32:07.098 GMT-0800,185.864,185.83599999999998,0.012,0.012
13.11.2023 06:32:07.306 GMT-0800,185.864,185.84599999999998,0.012,0.012
13.11.2023 06:32:07.357 GMT-0800,185.863,185.83700000000002,0.012,0.012
13.11.2023 06:32:07.463 GMT-0800,185.883,185.83700000000002,0.012,0.012
13.11.2023 06:32:07.656 GMT-0800,185.873,185.83700000000002,0.012,0.012
13.11.2023 06:32:07.808 GMT-0800,185.883,185.847,0.012,0.012
13.11.2023 06:32:07.981 GMT-0800,185.883,185.857,0.012,0.012
13.11.2023 06:32:08.192 GMT-0800,185.873,185.857,0.012,0.012
13.11.2023 06:32:08.242 GMT-0800,185.864,185.83599999999998,0.012,0.012
13.11.2023 06:32:08.293 GMT-0800,185.854,185.826,0.012,0.012
13.11.2023 06:32:08.343 GMT-0800,185.863,185.827,0.012,0.012
13.11.2023 06:32:08.545 GMT-0800,185.854,185.826,0.012,0.012
13.11.2023 06:32:08.678 GMT-0800,185.853,185.817,0.012,0.012
13.11.2023 06:32:08.817 GMT-0800,185.863,185.827,0.012,0.012
13.11.2023 06:32:08.867 GMT-0800,185.88400000000001,185.83599999999998,0.012,0.012
13.11.2023 06:32:08.937 GMT-0800,185.88400000000001,185.856,0.012,0.012
13.11.2023 06:32:08.987 GMT-0800,185.88400000000001,185.84599999999998,0.012,0.012
13.11.2023 06:32:09.038 GMT-0800,185.87400000000002,185.84599999999998,0.012,0.012
13.11.2023 06:32:09.139 GMT-0800,185.863,185.827,0.012,0.012
13.11.2023 06:32:09.239 GMT-0800,185.873,185.847,0.012,0.012
13.11.2023 06:32:09.359 GMT-0800,185.883,185.847,0.012,0.012
13.11.2023 06:32:09.477 GMT-0800,185.894,185.86599999999999,0.012,0.012
13.11.2023 06:32:09.528 GMT-0800,185.90400000000002,185.86599999999999,0.012,0.012
13.11.2023 06:32:09.579 GMT-0800,185.893,185.86700000000002,0.012,0.012
13.11.2023 06:32:09.630 GMT-0800,185.894,185.856,0.012,0.012
13.11.2023 06:32:09.680 GMT-0800,185.873,185.847,0.012,0.012
13.11.2023 06:32:09.865 GMT-0800,185.88400000000001,185.856,0.012,0.012
13.11.2023 06:32:09.953 GMT-0800,185.88400000000001,185.84599999999998,0.012,0.012
13.11.2023 06:32:10.054 GMT-0800,185.893,185.857,0.012,0.012
13.11.2023 06:32:10.340 GMT-0800,185.894,185.84599999999998,0.012,0.012
13.11.2023 06:32:10.441 GMT-0800,185.87400000000002,185.84599999999998,0.012,0.012
13.11.2023 06:32:10.657 GMT-0800,185.883,185.847,0.012,0.012
13.11.2023 06:32:10.758 GMT-0800,185.893,185.857,0.012,0.012
13.11.2023 06:32:10.849 GMT-0800,185.90400000000002,185.856,0.012,0.012
13.11.2023 06:32:10.988 GMT-0800,185.893,185.857,0.012,0.012
13.11.2023 06:32:11.245 GMT-0800,185.88400000000001,185.856,0.012,0.012
13.11.2023 06:32:11.295 GMT-0800,185.903,185.857,0.012,0.012
13.11.2023 06:32:11.346 GMT-0800,185.90400000000002,185.86599999999999,0.012,0.012
13.11.2023 06:32:11.447 GMT-0800,185.90400000000002,185.856,0.012,0.012
13.11.2023 06:32:11.548 GMT-0800,185.90400000000002,185.86599999999999,0.012,0.012
13.11.2023 06:32:11.658 GMT-0800,185.87400000000002,185.84599999999998,0.012,0.012
13.11.2023 06:32:11.708 GMT-0800,185.893,185.857,0.012,0.012
13.11.2023 06:32:11.759 GMT-0800,185.903,185.86700000000002,0.012,0.012
13.11.2023 06:32:11.864 GMT-0800,185.893,185.857,0.012,0.012
13.11.2023 06:32:12.228 GMT-0800,185.893,185.847,0.012,0.012
13.11.2023 06:32:12.279 GMT-0800,185.894,185.856,0.012,0.012
13.11.2023 06:32:12.741 GMT-0800,185.883,185.847,0.012,0.012
13.11.2023 06:32:12.962 GMT-0800,185.883,185.857,0.012,0.012
13.11.2023 06:32:13.013 GMT-0800,185.88400000000001,185.84599999999998,0.012,0.012
13.11.2023 06:32:13.269 GMT-0800,185.87400000000002,185.84599999999998,0.012,0.012
13.11.2023 06:32:13.468 GMT-0800,185.824,185.796,0.012,0.012
13.11.2023 06:32:13.518 GMT-0800,185.84400000000002,185.80599999999998,0.012,0.012
13.11.2023 06:32:13.569 GMT-0800,185.824,185.796,0.012,0.012
13.11.2023 06:32:13.619 GMT-0800,185.823,185.787,0.012,0.012
13.11.2023 06:32:13.681 GMT-0800,185.83400000000003,185.796,0.012,0.012
13.11.2023 06:32:13.782 GMT-0800,185.84400000000002,185.80599999999998,0.012,0.012
13.11.2023 06:32:13.933 GMT-0800,185.843,185.797,0.012,0.012
13.11.2023 06:32:13.983 GMT-0800,185.83400000000003,185.796,0.012,0.012
13.11.2023 06:32:14.084 GMT-0800,185.83400000000003,185.786,0.012,0.012
13.11.2023 06:32:14.165 GMT-0800,185.813,185.787,0.012,0.012
13.11.2023 06:32:14.282 GMT-0800,185.80400000000003,185.766,0.012,0.012
13.11.2023 06:32:14.355 GMT-0800,185.81400000000002,185.766,0.012,0.012
13.11.2023 06:32:14.406 GMT-0800,185.803,185.76700000000002,0.012,0.012
13.11.2023 06:32:14.643 GMT-0800,185.813,185.77700000000002,0.012,0.012
13.11.2023 06:32:15.133 GMT-0800,185.824,185.786,0.012,0.012
13.11.2023 06:32:15.334 GMT-0800,185.81400000000002,185.77599999999998,0.012,0.012
13.11.2023 06:32:15.436 GMT-0800,185.813,185.76700000000002,0.012,0.012
13.11.2023 06:32:15.492 GMT-0800,185.81400000000002,185.77599999999998,0.012,0.012
13.11.2023 06:32:15.643 GMT-0800,185.823,185.787,0.012,0.012
13.11.2023 06:32:15.693 GMT-0800,185.823,185.77700000000002,0.012,0.012
13.11.2023 06:32:15.744 GMT-0800,185.813,185.77700000000002,0.012,0.012
13.11.2023 06:32:15.882 GMT-0800,185.824,185.80599999999998,0.012,0.012
13.11.2023 06:32:15.933 GMT-0800,185.843,185.797,0.012,0.012
13.11.2023 06:32:16.037 GMT-0800,185.83400000000003,185.796,0.012,0.012
13.11.2023 06:32:16.357 GMT-0800,185.84400000000002,185.796,0.012,0.012
13.11.2023 06:32:16.407 GMT-0800,185.833,185.797,0.012,0.012
13.11.2023 06:32:16.582 GMT-0800,185.843,185.797,0.012,0.012
13.11.2023 06:32:16.683 GMT-0800,185.833,185.797,0.012,0.012
13.11.2023 06:32:16.848 GMT-0800,185.84400000000002,185.816,0.012,0.012
13.11.2023 06:32:16.914 GMT-0800,185.84400000000002,185.796,0.012,0.012
13.11.2023 06:32:16.964 GMT-0800,185.833,185.797,0.012,0.012
13.11.2023 06:32:17.243 GMT-0800,185.843,185.80700000000002,0.012,0.012
13.11.2023 06:32:17.383 GMT-0800,185.833,185.80700000000002,0.012,0.012
13.11.2023 06:32:17.434 GMT-0800,185.843,185.80700000000002,0.012,0.012
13.11.2023 06:32:17.712 GMT-0800,185.833,185.80700000000002,0.012,0.012
13.11.2023 06:32:17.813 GMT-0800,185.823,185.787,0.012,0.012
13.11.2023 06:32:17.864 GMT-0800,185.833,185.797,0.012,0.012
13.11.2023 06:32:18.091 GMT-0800,185.843,185.80700000000002,0.012,0.012
13.11.2023 06:32:18.267 GMT-0800,185.83400000000003,185.80599999999998,0.012,0.012
13.11.2023 06:32:18.516 GMT-0800,185.843,185.80700000000002,0.012,0.012
13.11.2023 06:32:18.612 GMT-0800,185.84400000000002,185.816,0.012,0.012
13.11.2023 06:32:18.750 GMT-0800,185.843,185.80700000000002,0.012,0.012
13.11.2023 06:32:18.901 GMT-0800,185.83400000000003,185.80599999999998,0.012,0.012
13.11.2023 06:32:19.516 GMT-0800,185.833,185.817,0.012,0.012
13.11.2023 06:32:19.791 GMT-0800,185.824,185.80599999999998,0.012,0.012
13.11.2023 06:32:19.841 GMT-0800,185.824,185.786,0.012,0.012
13.11.2023 06:32:19.993 GMT-0800,185.823,185.797,0.012,0.012
13.11.2023 06:32:20.212 GMT-0800,185.81400000000002,185.786,0.012,0.012
13.11.2023 06:32:20.566 GMT-0800,185.80400000000003,185.77599999999998,0.012,0.012
13.11.2023 06:32:20.807 GMT-0800,185.78400000000002,185.756,0.012,0.012
13.11.2023 06:32:21.147 GMT-0800,185.794,185.756,0.012,0.012
13.11.2023 06:32:21.393 GMT-0800,185.78400000000002,185.74599999999998,0.012,0.012
13.11.2023 06:32:21.814 GMT-0800,185.77400000000003,185.74599999999998,0.012,0.012
13.11.2023 06:32:21.865 GMT-0800,185.783,185.747,0.012,0.012
13.11.2023 06:32:21.942 GMT-0800,185.78400000000002,185.756,0.012,0.012
13.11.2023 06:32:21.993 GMT-0800,185.78400000000002,185.74599999999998,0.012,0.012
13.11.2023 06:32:22.134 GMT-0800,185.783,185.757,0.012,0.012
13.11.2023 06:32:22.185 GMT-0800,185.783,185.747,0.012,0.012
13.11.2023 06:32:22.425 GMT-0800,185.773,185.747,0.012,0.012
13.11.2023 06:32:22.528 GMT-0800,185.78400000000002,185.74599999999998,0.012,0.012
13.11.2023 06:32:22.595 GMT-0800,185.773,185.747,0.012,0.012
13.11.2023 06:32:22.889 GMT-0800,185.803,185.757,0.012,0.012
13.11.2023 06:32:22.940 GMT-0800,185.80400000000003,185.77599999999998,0.012,0.012
13.11.2023 06:32:23.129 GMT-0800,185.793,185.76700000000002,0.012,0.012
13.11.2023 06:32:23.261 GMT-0800,185.793,185.757,0.012,0.012
13.11.2023 06:32:23.312 GMT-0800,185.783,185.757,0.012,0.012
13.11.2023 06:32:23.931 GMT-0800,185.764,185.736,0.012,0.012
13.11.2023 06:32:23.981 GMT-0800,185.773,185.727,0.012,0.012
13.11.2023 06:32:24.103 GMT-0800,185.764,185.736,0.012,0.012
13.11.2023 06:32:24.176 GMT-0800,185.773,185.73700000000002,0.012,0.012
13.11.2023 06:32:24.541 GMT-0800,185.783,185.73700000000002,0.012,0.012
13.11.2023 06:32:24.591 GMT-0800,185.764,185.726,0.012,0.012
13.11.2023 06:32:24.718 GMT-0800,185.75400000000002,185.726,0.012,0.012
13.11.2023 06:32:24.819 GMT-0800,185.75400000000002,185.71599999999998,0.012,0.012
13.11.2023 06:32:24.920 GMT-0800,185.753,185.727,0.012,0.012
13.11.2023 06:32:25.110 GMT-0800,185.75400000000002,185.71599999999998,0.012,0.012
13.11.2023 06:32:25.219 GMT-0800,185.75400000000002,185.736,0.012,0.012
13.11.2023 06:32:25.269 GMT-0800,185.75400000000002,185.71599999999998,0.012,0.012
13.11.2023 06:32:25.320 GMT-0800,185.753,185.727,0.012,0.012
13.11.2023 06:32:25.371 GMT-0800,185.75400000000002,185.71599999999998,0.012,0.012
13.11.2023 06:32:26.405 GMT-0800,185.734,185.71599999999998,0.012,0.012
13.11.2023 06:32:26.455 GMT-0800,185.74400000000003,185.706,0.012,0.012
13.11.2023 06:32:26.506 GMT-0800,185.72400000000002,185.706,0.012,0.012
13.11.2023 06:32:26.556 GMT-0800,185.72299999999998,185.697,0.012,0.012
13.11.2023 06:32:26.607 GMT-0800,185.71400000000003,185.696,0.012,0.012
13.11.2023 06:32:27.030 GMT-0800,185.734,185.706,0.012,0.012
13.11.2023 06:32:27.080 GMT-0800,185.72299999999998,185.697,0.012,0.012
13.11.2023 06:32:27.888 GMT-0800,185.733,185.697,0.012,0.012
13.11.2023 06:32:28.087 GMT-0800,185.72400000000002,185.696,0.012,0.012
13.11.2023 06:32:28.371 GMT-0800,185.733,185.697,0.012,0.012
13.11.2023 06:32:28.422 GMT-0800,185.753,185.717,0.012,0.012
13.11.2023 06:32:28.472 GMT-0800,185.764,185.71599999999998,0.012,0.012
13.11.2023 06:32:28.611 GMT-0800,185.753,185.717,0.012,0.012
13.11.2023 06:32:28.662 GMT-0800,185.75400000000002,185.696,0.012,0.012
13.11.2023 06:32:28.802 GMT-0800,185.743,185.697,0.012,0.012
13.11.2023 06:32:29.066 GMT-0800,185.753,185.697,0.012,0.012
13.11.2023 06:32:29.540 GMT-0800,185.743,185.697,0.012,0.012
13.11.2023 06:32:29.590 GMT-0800,185.753,185.697,0.012,0.012
13.11.2023 06:32:30.217 GMT-0800,185.75400000000002,185.71599999999998,0.012,0.012
13.11.2023 06:32:30.546 GMT-0800,185.764,185.736,0.012,0.012
13.11.2023 06:32:30.597 GMT-0800,185.764,185.726,0.012,0.012
13.11.2023 06:32:30.735 GMT-0800,185.783,185.757,0.012,0.012
13.11.2023 06:32:30.786 GMT-0800,185.78400000000002,185.74599999999998,0.012,0.012
13.11.2023 06:32:30.948 GMT-0800,185.803,185.76700000000002,0.012,0.012
13.11.2023 06:32:31.049 GMT-0800,185.81400000000002,185.786,0.012,0.012
13.11.2023 06:32:31.150 GMT-0800,185.81400000000002,185.77599999999998,0.012,0.012
13.11.2023 06:32:31.554 GMT-0800,185.813,185.76700000000002,0.012,0.012
13.11.2023 06:32:31.659 GMT-0800,185.81400000000002,185.77599999999998,0.012,0.012
13.11.2023 06:32:31.710 GMT-0800,185.81400000000002,185.766,0.012,0.012
13.11.2023 06:32:31.760 GMT-0800,185.81400000000002,185.77599999999998,0.012,0.012
13.11.2023 06:32:31.962 GMT-0800,185.824,185.796,0.012,0.012
13.11.2023 06:32:32.083 GMT-0800,185.824,185.786,0.012,0.012
13.11.2023 06:32:32.194 GMT-0800,185.813,185.787,0.012,0.012
13.11.2023 06:32:32.245 GMT-0800,185.813,185.77700000000002,0.012,0.012
13.11.2023 06:32:32.540 GMT-0800,185.813,185.787,0.012,0.012
13.11.2023 06:32:32.591 GMT-0800,185.833,185.797,0.012,0.012
13.11.2023 06:32:32.860 GMT-0800,185.833,185.80700000000002,0.012,0.012
13.11.2023 06:32:32.911 GMT-0800,185.833,185.797,0.012,0.012
13.11.2023 06:32:32.961 GMT-0800,185.823,185.797,0.012,0.012
13.11.2023 06:32:33.012 GMT-0800,185.833,185.797,0.012,0.012
13.11.2023 06:32:33.457 GMT-0800,185.823,185.797,0.012,0.012
13.11.2023 06:32:33.507 GMT-0800,185.824,185.786,0.012,0.012
13.11.2023 06:32:33.558 GMT-0800,185.80400000000003,185.77599999999998,0.012,0.012
13.11.2023 06:32:33.608 GMT-0800,185.80400000000003,185.766,0.012,0.012
13.11.2023 06:32:34.205 GMT-0800,185.803,185.77700000000002,0.012,0.012
13.11.2023 06:32:34.271 GMT-0800,185.803,185.76700000000002,0.012,0.012
13.11.2023 06:32:34.547 GMT-0800,185.813,185.77700000000002,0.012,0.012
13.11.2023 06:32:34.957 GMT-0800,185.813,185.76700000000002,0.012,0.012
13.11.2023 06:32:35.024 GMT-0800,185.813,185.77700000000002,0.012,0.012
13.11.2023 06:32:35.173 GMT-0800,185.833,185.797,0.012,0.012
13.11.2023 06:32:35.706 GMT-0800,185.783,185.76700000000002,0.012,0.012
13.11.2023 06:32:35.757 GMT-0800,185.803,185.77700000000002,0.012,0.012
13.11.2023 06:32:35.994 GMT-0800,185.81400000000002,185.766,0.012,0.012
13.11.2023 06:32:36.057 GMT-0800,185.813,185.757,0.012,0.012
13.11.2023 06:32:36.628 GMT-0800,185.813,185.77700000000002,0.012,0.012
13.11.2023 06:32:36.914 GMT-0800,185.81400000000002,185.786,0.012,0.012
13.11.2023 06:32:36.965 GMT-0800,185.81400000000002,185.77599999999998,0.012,0.012
13.11.2023 06:32:37.058 GMT-0800,185.81400000000002,185.766,0.012,0.012
13.11.2023 06:32:37.108 GMT-0800,185.81400000000002,185.77599999999998,0.012,0.012
13.11.2023 06:32:37.432 GMT-0800,185.81400000000002,185.756,0.012,0.012
13.11.2023 06:32:37.483 GMT-0800,185.824,185.77599999999998,0.012,0.012
13.11.2023 06:32:37.600 GMT-0800,185.81400000000002,185.77599999999998,0.012,0.012
13.11.2023 06:32:37.826 GMT-0800,185.824,185.77599999999998,0.012,0.012
13.11.2023 06:32:37.917 GMT-0800,185.81400000000002,185.77599999999998,0.012,0.012
13.11.2023 06:32:38.603 GMT-0800,185.813,185.757,0.012,0.012
13.11.2023 06:32:38.693 GMT-0800,185.813,185.76700000000002,0.012,0.012
13.11.2023 06:32:38.743 GMT-0800,185.81400000000002,185.756,0.012,0.012
13.11.2023 06:32:38.819 GMT-0800,185.813,185.76700000000002,0.012,0.012
13.11.2023 06:32:39.071 GMT-0800,185.823,185.77700000000002,0.012,0.012
13.11.2023 06:32:39.328 GMT-0800,185.81400000000002,185.77599999999998,0.012,0.012
13.11.2023 06:32:39.379 GMT-0800,185.823,185.77700000000002,0.012,0.012
13.11.2023 06:32:40.041 GMT-0800,185.833,185.77700000000002,0.012,0.012
13.11.2023 06:32:40.244 GMT-0800,185.83400000000003,185.766,0.012,0.012
13.11.2023 06:32:40.353 GMT-0800,185.83400000000003,185.77599999999998,0.012,0.012
13.11.2023 06:32:40.558 GMT-0800,185.83400000000003,185.756,0.012,0.012
13.11.2023 06:32:40.608 GMT-0800,185.803,185.757,0.012,0.012
13.11.2023 06:32:41.040 GMT-0800,185.83400000000003,185.766,0.012,0.012
13.11.2023 06:32:41.091 GMT-0800,185.833,185.77700000000002,0.012,0.012
13.11.2023 06:32:41.261 GMT-0800,185.81400000000002,185.77599999999998,0.012,0.012
13.11.2023 06:32:41.312 GMT-0800,185.833,185.787,0.012,0.012
13.11.2023 06:32:41.615 GMT-0800,185.833,185.797,0.012,0.012
13.11.2023 06:32:41.666 GMT-0800,185.83400000000003,185.786,0.012,0.012
13.11.2023 06:32:42.263 GMT-0800,185.81400000000002,185.786,0.012,0.012
13.11.2023 06:32:42.953 GMT-0800,185.823,185.787,0.012,0.012
13.11.2023 06:32:43.004 GMT-0800,185.83400000000003,185.786,0.012,0.012
13.11.2023 06:32:43.105 GMT-0800,185.81400000000002,185.77599999999998,0.012,0.012
13.11.2023 06:32:43.205 GMT-0800,185.81400000000002,185.756,0.012,0.012
13.11.2023 06:32:43.260 GMT-0800,185.81400000000002,185.77599999999998,0.012,0.012
13.11.2023 06:32:43.397 GMT-0800,185.813,185.757,0.012,0.012
13.11.2023 06:32:43.608 GMT-0800,185.813,185.77700000000002,0.012,0.012
13.11.2023 06:32:43.659 GMT-0800,185.813,185.757,0.012,0.012
13.11.2023 06:32:43.862 GMT-0800,185.833,185.77700000000002,0.012,0.012
13.11.2023 06:32:43.963 GMT-0800,185.83400000000003,185.786,0.012,0.012
13.11.2023 06:32:44.064 GMT-0800,185.83400000000003,185.796,0.012,0.012
13.11.2023 06:32:44.789 GMT-0800,185.83400000000003,185.816,0.012,0.012
13.11.2023 06:32:45.830 GMT-0800,185.843,185.827,0.012,0.012
13.11.2023 06:32:45.940 GMT-0800,185.864,185.83599999999998,0.012,0.012
13.11.2023 06:32:45.991 GMT-0800,185.873,185.83700000000002,0.012,0.012
13.11.2023 06:32:46.483 GMT-0800,185.873,185.827,0.012,0.012
13.11.2023 06:32:46.696 GMT-0800,185.873,185.83700000000002,0.012,0.012
13.11.2023 06:32:47.634 GMT-0800,185.88400000000001,185.856,0.012,0.012
13.11.2023 06:32:47.958 GMT-0800,185.88400000000001,185.86599999999999,0.012,0.012
13.11.2023 06:32:48.008 GMT-0800,185.893,185.86700000000002,0.012,0.012
13.11.2023 06:32:48.769 GMT-0800,185.883,185.847,0.012,0.012
13.11.2023 06:32:48.820 GMT-0800,185.863,185.83700000000002,0.012,0.012
13.11.2023 06:32:48.870 GMT-0800,185.873,185.83700000000002,0.012,0.012
13.11.2023 06:32:48.920 GMT-0800,185.87400000000002,185.856,0.012,0.012
13.11.2023 06:32:48.971 GMT-0800,185.883,185.857,0.012,0.012
13.11.2023 06:32:49.142 GMT-0800,185.88400000000001,185.83599999999998,0.012,0.012
13.11.2023 06:32:49.193 GMT-0800,185.854,185.826,0.012,0.012
13.11.2023 06:32:49.729 GMT-0800,185.843,185.80700000000002,0.012,0.012
13.11.2023 06:32:49.780 GMT-0800,185.833,185.797,0.012,0.012
13.11.2023 06:32:50.057 GMT-0800,185.81400000000002,185.77599999999998,0.012,0.012
13.11.2023 06:32:50.479 GMT-0800,185.83400000000003,185.80599999999998,0.012,0.012
13.11.2023 06:32:50.529 GMT-0800,185.833,185.797,0.012,0.012
13.11.2023 06:32:50.811 GMT-0800,185.80400000000003,185.756,0.012,0.012
13.11.2023 06:32:51.108 GMT-0800,185.80400000000003,185.766,0.012,0.012
13.11.2023 06:32:51.251 GMT-0800,185.81400000000002,185.786,0.012,0.012
13.11.2023 06:32:51.302 GMT-0800,185.833,185.787,0.012,0.012
13.11.2023 06:32:51.399 GMT-0800,185.813,185.77700000000002,0.012,0.012
13.11.2023 06:32:51.472 GMT-0800,185.81400000000002,185.756,0.012,0.012
13.11.2023 06:32:51.865 GMT-0800,185.793,185.757,0.012,0.012
13.11.2023 06:32:52.972 GMT-0800,185.78400000000002,185.756,0.012,0.012
13.11.2023 06:32:53.023 GMT-0800,185.793,185.757,0.012,0.012
13.11.2023 06:32:53.338 GMT-0800,185.794,185.766,0.012,0.012
13.11.2023 06:32:53.389 GMT-0800,185.78400000000002,185.74599999999998,0.012,0.012
13.11.2023 06:32:53.540 GMT-0800,185.794,185.756,0.012,0.012
13.11.2023 06:32:53.641 GMT-0800,185.793,185.76700000000002,0.012,0.012
13.11.2023 06:32:53.761 GMT-0800,185.81400000000002,185.786,0.012,0.012
13.11.2023 06:32:53.811 GMT-0800,185.813,185.76700000000002,0.012,0.012
13.11.2023 06:32:53.862 GMT-0800,185.793,185.76700000000002,0.012,0.012
13.11.2023 06:32:54.009 GMT-0800,185.823,185.797,0.012,0.012
13.11.2023 06:32:54.126 GMT-0800,185.813,185.787,0.012,0.012
13.11.2023 06:32:54.415 GMT-0800,185.81400000000002,185.77599999999998,0.012,0.012
13.11.2023 06:32:54.555 GMT-0800,185.813,185.787,0.012,0.012
13.11.2023 06:32:54.605 GMT-0800,185.813,185.77700000000002,0.012,0.012
13.11.2023 06:32:54.761 GMT-0800,185.813,185.76700000000002,0.012,0.012
13.11.2023 06:32:54.821 GMT-0800,185.813,185.77700000000002,0.012,0.012
13.11.2023 06:32:55.106 GMT-0800,185.813,185.787,0.012,0.012
13.11.2023 06:32:55.461 GMT-0800,185.81400000000002,185.77599999999998,0.012,0.012
13.11.2023 06:32:55.512 GMT-0800,185.81400000000002,185.766,0.012,0.012
13.11.2023 06:32:55.564 GMT-0800,185.81400000000002,185.77599999999998,0.012,0.012
13.11.2023 06:32:55.673 GMT-0800,185.813,185.76700000000002,0.012,0.012
13.11.2023 06:32:55.724 GMT-0800,185.81400000000002,185.77599999999998,0.012,0.012
13.11.2023 06:32:55.774 GMT-0800,185.81400000000002,185.766,0.012,0.012
13.11.2023 06:32:55.825 GMT-0800,185.813,185.77700000000002,0.012,0.012
13.11.2023 06:32:56.940 GMT-0800,185.813,185.76700000000002,0.012,0.012
13.11.2023 06:32:56.991 GMT-0800,185.80400000000003,185.766,0.012,0.012
13.11.2023 06:32:57.290 GMT-0800,185.803,185.77700000000002,0.012,0.012
13.11.2023 06:32:57.340 GMT-0800,185.803,185.76700000000002,0.012,0.012
13.11.2023 06:32:57.441 GMT-0800,185.803,185.77700000000002,0.012,0.012
13.11.2023 06:32:57.570 GMT-0800,185.80400000000003,185.766,0.012,0.012
13.11.2023 06:32:57.680 GMT-0800,185.803,185.77700000000002,0.012,0.012
13.11.2023 06:32:57.730 GMT-0800,185.81400000000002,185.77599999999998,0.012,0.012
13.11.2023 06:32:58.303 GMT-0800,185.803,185.77700000000002,0.012,0.012
13.11.2023 06:32:58.404 GMT-0800,185.803,185.76700000000002,0.012,0.012
13.11.2023 06:32:58.542 GMT-0800,185.803,185.77700000000002,0.012,0.012
13.11.2023 06:32:58.593 GMT-0800,185.80400000000003,185.766,0.012,0.012
13.11.2023 06:32:58.693 GMT-0800,185.80400000000003,185.77599999999998,0.012,0.012
13.11.2023 06:32:58.744 GMT-0800,185.803,185.76700000000002,0.012,0.012
13.11.2023 06:32:59.442 GMT-0800,185.803,185.77700000000002,0.012,0.012
13.11.2023 06:32:59.551 GMT-0800,185.80400000000003,185.766,0.012,0.012
13.11.2023 06:32:59.649 GMT-0800,185.803,185.77700000000002,0.012,0.012
13.11.2023 06:33:00.089 GMT-0800,185.80400000000003,185.766,0.012,0.012
13.11.2023 06:33:00.190 GMT-0800,185.803,185.77700000000002,0.012,0.012
13.11.2023 06:33:00.339 GMT-0800,185.823,185.80700000000002,0.012,0.012
13.11.2023 06:33:00.448 GMT-0800,185.864,185.826,0.012,0.012
13.11.2023 06:33:00.498 GMT-0800,185.854,185.816,0.012,0.012
13.11.2023 06:33:00.599 GMT-0800,185.83400000000003,185.796,0.012,0.012
13.11.2023 06:33:01.210 GMT-0800,185.833,185.80700000000002,0.012,0.012
13.11.2023 06:33:01.264 GMT-0800,185.833,185.797,0.012,0.012
13.11.2023 06:33:01.859 GMT-0800,185.813,185.787,0.012,0.012
13.11.2023 06:33:01.910 GMT-0800,185.80400000000003,185.766,0.012,0.012
13.11.2023 06:33:02.751 GMT-0800,185.794,185.756,0.012,0.012
13.11.2023 06:33:03.099 GMT-0800,185.783,185.73700000000002,0.012,0.012
13.11.2023 06:33:03.170 GMT-0800,185.793,185.757,0.012,0.012
13.11.2023 06:33:03.271 GMT-0800,185.783,185.76700000000002,0.012,0.012
13.11.2023 06:33:03.322 GMT-0800,185.783,185.73700000000002,0.012,0.012
13.11.2023 06:33:03.774 GMT-0800,185.81400000000002,185.77599999999998,0.012,0.012
13.11.2023 06:33:03.825 GMT-0800,185.803,185.757,0.012,0.012
13.11.2023 06:33:03.876 GMT-0800,185.81400000000002,185.756,0.012,0.012
13.11.2023 06:33:04.279 GMT-0800,185.813,185.77700000000002,0.012,0.012
13.11.2023 06:33:04.399 GMT-0800,185.813,185.787,0.012,0.012
13.11.2023 06:33:04.500 GMT-0800,185.813,185.77700000000002,0.012,0.012
13.11.2023 06:33:04.889 GMT-0800,185.80400000000003,185.756,0.012,0.012
13.11.2023 06:33:05.005 GMT-0800,185.793,185.757,0.012,0.012
13.11.2023 06:33:05.106 GMT-0800,185.783,185.73700000000002,0.012,0.012
13.11.2023 06:33:05.157 GMT-0800,185.78400000000002,185.756,0.012,0.012
13.11.2023 06:33:05.207 GMT-0800,185.794,185.736,0.012,0.012
13.11.2023 06:33:05.258 GMT-0800,185.794,185.756,0.012,0.012
13.11.2023 06:33:05.749 GMT-0800,185.80400000000003,185.766,0.012,0.012
13.11.2023 06:33:05.856 GMT-0800,185.80400000000003,185.756,0.012,0.012
13.11.2023 06:33:05.957 GMT-0800,185.81400000000002,185.756,0.012,0.012
13.11.2023 06:33:06.170 GMT-0800,185.824,185.77599999999998,0.012,0.012
13.11.2023 06:33:06.296 GMT-0800,185.803,185.757,0.012,0.012
13.11.2023 06:33:06.347 GMT-0800,185.81400000000002,185.756,0.012,0.012
13.11.2023 06:33:06.586 GMT-0800,185.794,185.756,0.012,0.012
13.11.2023 06:33:06.814 GMT-0800,185.803,185.757,0.012,0.012
13.11.2023 06:33:06.921 GMT-0800,185.81400000000002,185.756,0.012,0.012
13.11.2023 06:33:06.971 GMT-0800,185.80400000000003,185.756,0.012,0.012
13.11.2023 06:33:07.237 GMT-0800,185.813,185.757,0.012,0.012
13.11.2023 06:33:07.445 GMT-0800,185.824,185.756,0.012,0.012
13.11.2023 06:33:07.715 GMT-0800,185.81400000000002,185.756,0.012,0.012
13.11.2023 06:33:07.866 GMT-0800,185.80400000000003,185.756,0.012,0.012
13.11.2023 06:33:08.018 GMT-0800,185.813,185.757,0.012,0.012
13.11.2023 06:33:08.096 GMT-0800,185.803,185.757,0.012,0.012
13.11.2023 06:33:08.277 GMT-0800,185.783,185.73700000000002,0.012,0.012
13.11.2023 06:33:08.448 GMT-0800,185.77400000000003,185.736,0.012,0.012
13.11.2023 06:33:08.567 GMT-0800,185.764,185.736,0.012,0.012
13.11.2023 06:33:08.668 GMT-0800,185.783,185.73700000000002,0.012,0.012
13.11.2023 06:33:08.718 GMT-0800,185.77400000000003,185.736,0.012,0.012
13.11.2023 06:33:08.819 GMT-0800,185.80400000000003,185.766,0.012,0.012
13.11.2023 06:33:08.869 GMT-0800,185.803,185.757,0.012,0.012
13.11.2023 06:33:08.920 GMT-0800,185.793,185.757,0.012,0.012
13.11.2023 06:33:09.324 GMT-0800,185.803,185.77700000000002,0.012,0.012
13.11.2023 06:33:09.378 GMT-0800,185.803,185.757,0.012,0.012
13.11.2023 06:33:09.666 GMT-0800,185.794,185.756,0.012,0.012
13.11.2023 06:33:09.850 GMT-0800,185.81400000000002,185.77599999999998,0.012,0.012
13.11.2023 06:33:09.901 GMT-0800,185.823,185.77700000000002,0.012,0.012
13.11.2023 06:33:10.041 GMT-0800,185.81400000000002,185.77599999999998,0.012,0.012
13.11.2023 06:33:10.157 GMT-0800,185.81400000000002,185.786,0.012,0.012
13.11.2023 06:33:10.208 GMT-0800,185.824,185.786,0.012,0.012
13.11.2023 06:33:10.286 GMT-0800,185.813,185.787,0.012,0.012
13.11.2023 06:33:10.368 GMT-0800,185.823,185.787,0.012,0.012
13.11.2023 06:33:10.418 GMT-0800,185.813,185.787,0.012,0.012
13.11.2023 06:33:10.532 GMT-0800,185.803,185.77700000000002,0.012,0.012
13.11.2023 06:33:10.635 GMT-0800,185.78400000000002,185.736,0.012,0.012
13.11.2023 06:33:10.720 GMT-0800,185.77400000000003,185.736,0.012,0.012
13.11.2023 06:33:10.821 GMT-0800,185.78400000000002,185.736,0.012,0.012
13.11.2023 06:33:11.019 GMT-0800,185.77400000000003,185.736,0.012,0.012
13.11.2023 06:33:11.121 GMT-0800,185.763,185.727,0.012,0.012
13.11.2023 06:33:11.222 GMT-0800,185.763,185.73700000000002,0.012,0.012
13.11.2023 06:33:11.272 GMT-0800,185.764,185.726,0.012,0.012
13.11.2023 06:33:11.326 GMT-0800,185.764,185.736,0.012,0.012
13.11.2023 06:33:11.377 GMT-0800,185.764,185.726,0.012,0.012
13.11.2023 06:33:11.427 GMT-0800,185.77400000000003,185.736,0.012,0.012
13.11.2023 06:33:11.541 GMT-0800,185.74400000000003,185.71599999999998,0.012,0.012
13.11.2023 06:33:11.591 GMT-0800,185.753,185.70700000000002,0.012,0.012
13.11.2023 06:33:11.647 GMT-0800,185.753,185.717,0.012,0.012
13.11.2023 06:33:11.777 GMT-0800,185.763,185.717,0.012,0.012
13.11.2023 06:33:11.827 GMT-0800,185.763,185.73700000000002,0.012,0.012
13.11.2023 06:33:11.955 GMT-0800,185.773,185.73700000000002,0.012,0.012
13.11.2023 06:33:12.039 GMT-0800,185.78400000000002,185.756,0.012,0.012
13.11.2023 06:33:12.112 GMT-0800,185.78400000000002,185.74599999999998,0.012,0.012
13.11.2023 06:33:12.263 GMT-0800,185.77400000000003,185.736,0.012,0.012
13.11.2023 06:33:12.364 GMT-0800,185.773,185.727,0.012,0.012
13.11.2023 06:33:12.415 GMT-0800,185.763,185.727,0.012,0.012
13.11.2023 06:33:12.516 GMT-0800,185.764,185.736,0.012,0.012
13.11.2023 06:33:12.603 GMT-0800,185.763,185.727,0.012,0.012
13.11.2023 06:33:12.726 GMT-0800,185.753,185.727,0.012,0.012
13.11.2023 06:33:12.943 GMT-0800,185.753,185.73700000000002,0.012,0.012
13.11.2023 06:33:12.993 GMT-0800,185.753,185.727,0.012,0.012
13.11.2023 06:33:13.044 GMT-0800,185.763,185.73700000000002,0.012,0.012
13.11.2023 06:33:13.145 GMT-0800,185.823,185.797,0.012,0.012
13.11.2023 06:33:13.195 GMT-0800,185.81400000000002,185.77599999999998,0.012,0.012
13.11.2023 06:33:13.246 GMT-0800,185.803,185.77700000000002,0.012,0.012
13.11.2023 06:33:13.296 GMT-0800,185.80400000000003,185.766,0.012,0.012
13.11.2023 06:33:13.404 GMT-0800,185.793,185.757,0.012,0.012
13.11.2023 06:33:13.552 GMT-0800,185.794,185.766,0.012,0.012
13.11.2023 06:33:13.659 GMT-0800,185.813,185.77700000000002,0.012,0.012
13.11.2023 06:33:13.760 GMT-0800,185.80400000000003,185.766,0.012,0.012
13.11.2023 06:33:13.861 GMT-0800,185.794,185.756,0.012,0.012
13.11.2023 06:33:14.186 GMT-0800,185.794,185.766,0.012,0.012
13.11.2023 06:33:14.340 GMT-0800,185.77400000000003,185.74599999999998,0.012,0.012
13.11.2023 06:33:14.601 GMT-0800,185.783,185.76700000000002,0.012,0.012
13.11.2023 06:33:14.706 GMT-0800,185.78400000000002,185.756,0.012,0.012
13.11.2023 06:33:14.757 GMT-0800,185.77400000000003,185.736,0.012,0.012
13.11.2023 06:33:14.807 GMT-0800,185.78400000000002,185.74599999999998,0.012,0.012
13.11.2023 06:33:14.858 GMT-0800,185.783,185.73700000000002,0.012,0.012
13.11.2023 06:33:14.923 GMT-0800,185.773,185.73700000000002,0.012,0.012
13.11.2023 06:33:15.148 GMT-0800,185.763,185.73700000000002,0.012,0.012
13.11.2023 06:33:15.280 GMT-0800,185.773,185.747,0.012,0.012
13.11.2023 06:33:16.300 GMT-0800,185.794,185.756,0.012,0.012
13.11.2023 06:33:16.351 GMT-0800,185.794,185.766,0.012,0.012
13.11.2023 06:33:16.682 GMT-0800,185.794,185.756,0.012,0.012
13.11.2023 06:33:16.782 GMT-0800,185.783,185.747,0.012,0.012
13.11.2023 06:33:16.993 GMT-0800,185.783,185.757,0.012,0.012
13.11.2023 06:33:17.144 GMT-0800,185.773,185.747,0.012,0.012
13.11.2023 06:33:17.561 GMT-0800,185.794,185.756,0.012,0.012
13.11.2023 06:33:18.124 GMT-0800,185.78400000000002,185.74599999999998,0.012,0.012
13.11.2023 06:33:18.589 GMT-0800,185.794,185.756,0.012,0.012
13.11.2023 06:33:18.912 GMT-0800,185.773,185.757,0.012,0.012
13.11.2023 06:33:18.962 GMT-0800,185.793,185.76700000000002,0.012,0.012
13.11.2023 06:33:19.063 GMT-0800,185.803,185.76700000000002,0.012,0.012
13.11.2023 06:33:19.157 GMT-0800,185.794,185.766,0.012,0.012
13.11.2023 06:33:19.454 GMT-0800,185.803,185.77700000000002,0.012,0.012
13.11.2023 06:33:19.506 GMT-0800,185.80400000000003,185.766,0.012,0.012
13.11.2023 06:33:19.576 GMT-0800,185.803,185.77700000000002,0.012,0.012
13.11.2023 06:33:19.677 GMT-0800,185.803,185.76700000000002,0.012,0.012
13.11.2023 06:33:20.088 GMT-0800,185.78400000000002,185.766,0.012,0.012
13.11.2023 06:33:20.139 GMT-0800,185.803,185.76700000000002,0.012,0.012
13.11.2023 06:33:20.190 GMT-0800,185.803,185.77700000000002,0.012,0.012
13.11.2023 06:33:20.240 GMT-0800,185.803,185.76700000000002,0.012,0.012
13.11.2023 06:33:20.291 GMT-0800,185.81400000000002,185.766,0.012,0.012
13.11.2023 06:33:20.529 GMT-0800,185.813,185.77700000000002,0.012,0.012
13.11.2023 06:33:20.750 GMT-0800,185.80400000000003,185.786,0.012,0.012
13.11.2023 06:33:20.801 GMT-0800,185.81400000000002,185.786,0.012,0.012
13.11.2023 06:33:20.902 GMT-0800,185.813,185.797,0.012,0.012
13.11.2023 06:33:21.067 GMT-0800,185.81400000000002,185.786,0.012,0.012
13.11.2023 06:33:21.117 GMT-0800,185.794,185.766,0.012,0.012
13.11.2023 06:33:21.168 GMT-0800,185.803,185.76700000000002,0.012,0.012
13.11.2023 06:33:21.219 GMT-0800,185.813,185.77700000000002,0.012,0.012
13.11.2023 06:33:21.380 GMT-0800,185.813,185.787,0.012,0.012
13.11.2023 06:33:21.576 GMT-0800,185.813,185.797,0.012,0.012
13.11.2023 06:33:21.626 GMT-0800,185.813,185.787,0.012,0.012
13.11.2023 06:33:21.677 GMT-0800,185.80400000000003,185.77599999999998,0.012,0.012
13.11.2023 06:33:21.781 GMT-0800,185.823,185.80700000000002,0.012,0.012
13.11.2023 06:33:21.831 GMT-0800,185.833,185.80700000000002,0.012,0.012
13.11.2023 06:33:22.110 GMT-0800,185.824,185.80599999999998,0.012,0.012
13.11.2023 06:33:22.161 GMT-0800,185.80400000000003,185.77599999999998,0.012,0.012
13.11.2023 06:33:22.212 GMT-0800,185.81400000000002,185.77599999999998,0.012,0.012
13.11.2023 06:33:22.262 GMT-0800,185.793,185.76700000000002,0.012,0.012
13.11.2023 06:33:22.419 GMT-0800,185.794,185.756,0.012,0.012
13.11.2023 06:33:22.470 GMT-0800,185.773,185.73700000000002,0.012,0.012
13.11.2023 06:33:22.835 GMT-0800,185.75400000000002,185.726,0.012,0.012
13.11.2023 06:33:22.938 GMT-0800,185.764,185.736,0.012,0.012
13.11.2023 06:33:23.039 GMT-0800,185.764,185.726,0.012,0.012
13.11.2023 06:33:23.090 GMT-0800,185.75400000000002,185.726,0.012,0.012
13.11.2023 06:33:23.191 GMT-0800,185.773,185.73700000000002,0.012,0.012
13.11.2023 06:33:23.430 GMT-0800,185.78400000000002,185.736,0.012,0.012
13.11.2023 06:33:23.520 GMT-0800,185.78400000000002,185.756,0.012,0.012
13.11.2023 06:33:23.738 GMT-0800,185.78400000000002,185.766,0.012,0.012
13.11.2023 06:33:24.082 GMT-0800,185.80400000000003,185.77599999999998,0.012,0.012
13.11.2023 06:33:24.426 GMT-0800,185.833,185.80700000000002,0.012,0.012
13.11.2023 06:33:25.068 GMT-0800,185.823,185.787,0.012,0.012
13.11.2023 06:33:25.472 GMT-0800,185.813,185.77700000000002,0.012,0.012
13.11.2023 06:33:25.830 GMT-0800,185.823,185.797,0.012,0.012
13.11.2023 06:33:25.881 GMT-0800,185.83400000000003,185.796,0.012,0.012
13.11.2023 06:33:25.932 GMT-0800,185.84400000000002,185.816,0.012,0.012
13.11.2023 06:33:26.033 GMT-0800,185.84400000000002,185.80599999999998,0.012,0.012
13.11.2023 06:33:26.125 GMT-0800,185.84400000000002,185.816,0.012,0.012
13.11.2023 06:33:26.175 GMT-0800,185.84400000000002,185.80599999999998,0.012,0.012
13.11.2023 06:33:26.237 GMT-0800,185.84400000000002,185.816,0.012,0.012
13.11.2023 06:33:26.288 GMT-0800,185.84400000000002,185.80599999999998,0.012,0.012
13.11.2023 06:33:26.545 GMT-0800,185.823,185.797,0.012,0.012
13.11.2023 06:33:26.826 GMT-0800,185.803,185.77700000000002,0.012,0.012
13.11.2023 06:33:27.257 GMT-0800,185.793,185.757,0.012,0.012
13.11.2023 06:33:27.412 GMT-0800,185.81400000000002,185.756,0.012,0.012
13.11.2023 06:33:27.868 GMT-0800,185.823,185.757,0.012,0.012
13.11.2023 06:33:27.944 GMT-0800,185.823,185.787,0.012,0.012
13.11.2023 06:33:28.386 GMT-0800,185.813,185.787,0.012,0.012
13.11.2023 06:33:28.437 GMT-0800,185.824,185.786,0.012,0.012
13.11.2023 06:33:28.488 GMT-0800,185.81400000000002,185.786,0.012,0.012
13.11.2023 06:33:28.539 GMT-0800,185.823,185.787,0.012,0.012
13.11.2023 06:33:28.617 GMT-0800,185.813,185.787,0.012,0.012
13.11.2023 06:33:28.668 GMT-0800,185.823,185.787,0.012,0.012
13.11.2023 06:33:28.745 GMT-0800,185.813,185.787,0.012,0.012
13.11.2023 06:33:28.833 GMT-0800,185.813,185.77700000000002,0.012,0.012
13.11.2023 06:33:28.925 GMT-0800,185.803,185.77700000000002,0.012,0.012
13.11.2023 06:33:29.302 GMT-0800,185.793,185.76700000000002,0.012,0.012
13.11.2023 06:33:29.354 GMT-0800,185.80400000000003,185.766,0.012,0.012
13.11.2023 06:33:29.431 GMT-0800,185.793,185.757,0.012,0.012
13.11.2023 06:33:29.482 GMT-0800,185.783,185.73700000000002,0.012,0.012
13.11.2023 06:33:29.583 GMT-0800,185.77400000000003,185.736,0.012,0.012
13.11.2023 06:33:29.684 GMT-0800,185.77400000000003,185.74599999999998,0.012,0.012
13.11.2023 06:33:30.028 GMT-0800,185.783,185.757,0.012,0.012
13.11.2023 06:33:30.148 GMT-0800,185.793,185.76700000000002,0.012,0.012
13.11.2023 06:33:30.249 GMT-0800,185.794,185.756,0.012,0.012
13.11.2023 06:33:30.506 GMT-0800,185.78400000000002,185.756,0.012,0.012
13.11.2023 06:33:30.569 GMT-0800,185.78400000000002,185.74599999999998,0.012,0.012
13.11.2023 06:33:30.646 GMT-0800,185.77400000000003,185.74599999999998,0.012,0.012
13.11.2023 06:33:30.697 GMT-0800,185.783,185.747,0.012,0.012
13.11.2023 06:33:30.836 GMT-0800,185.77400000000003,185.74599999999998,0.012,0.012
13.11.2023 06:33:31.174 GMT-0800,185.764,185.74599999999998,0.012,0.012
13.11.2023 06:33:31.267 GMT-0800,185.78400000000002,185.756,0.012,0.012
13.11.2023 06:33:31.760 GMT-0800,185.773,185.757,0.012,0.012
13.11.2023 06:33:31.817 GMT-0800,185.77400000000003,185.74599999999998,0.012,0.012
13.11.2023 06:33:32.022 GMT-0800,185.773,185.73700000000002,0.012,0.012
13.11.2023 06:33:32.073 GMT-0800,185.763,185.727,0.012,0.012
13.11.2023 06:33:32.211 GMT-0800,185.78400000000002,185.756,0.012,0.012
13.11.2023 06:33:32.337 GMT-0800,185.773,185.747,0.012,0.012
13.11.2023 06:33:32.387 GMT-0800,185.783,185.747,0.012,0.012
13.11.2023 06:33:32.503 GMT-0800,185.78400000000002,185.756,0.012,0.012
13.11.2023 06:33:32.618 GMT-0800,185.80400000000003,185.766,0.012,0.012
13.11.2023 06:33:32.669 GMT-0800,185.803,185.77700000000002,0.012,0.012
13.11.2023 06:33:33.267 GMT-0800,185.80400000000003,185.766,0.012,0.012
13.11.2023 06:33:33.317 GMT-0800,185.793,185.76700000000002,0.012,0.012
13.11.2023 06:33:33.495 GMT-0800,185.803,185.76700000000002,0.012,0.012
13.11.2023 06:33:33.925 GMT-0800,185.793,185.76700000000002,0.012,0.012
13.11.2023 06:33:33.976 GMT-0800,185.78400000000002,185.74599999999998,0.012,0.012
13.11.2023 06:33:34.027 GMT-0800,185.773,185.73700000000002,0.012,0.012
