Local time,Ask,Bid,AskVolume,BidVolume
13.11.2023 06:30:02.628 GMT-0800,11.704,11.686,0.012,0.012
13.11.2023 06:30:02.912 GMT-0800,11.704,11.676,0.012,0.012
13.11.2023 06:30:03.022 GMT-0800,11.694,11.676,0.012,0.012
13.11.2023 06:30:03.245 GMT-0800,11.694,11.665999999999999,0.012,0.012
13.11.2023 06:30:03.296 GMT-0800,11.684000000000001,11.665999999999999,0.012,0.012
13.11.2023 06:30:04.463 GMT-0800,11.673,11.657,0.012,0.012
13.11.2023 06:30:05.876 GMT-0800,11.663,11.647,0.012,0.012
13.11.2023 06:30:05.927 GMT-0800,11.664000000000001,11.636,0.012,0.012
13.11.2023 06:30:06.043 GMT-0800,11.674000000000001,11.636,0.012,0.012
13.11.2023 06:30:16.168 GMT-0800,11.704,11.686,0.012,0.012
13.11.2023 06:30:19.529 GMT-0800,11.714,11.686,0.012,0.012
13.11.2023 06:30:20.572 GMT-0800,11.703,11.687000000000001,0.012,0.012
13.11.2023 06:30:20.622 GMT-0800,11.713,11.687000000000001,0.012,0.012
13.11.2023 06:30:20.673 GMT-0800,11.713,11.697000000000001,0.012,0.012
13.11.2023 06:30:20.774 GMT-0800,11.704,11.686,0.012,0.012
13.11.2023 06:30:21.053 GMT-0800,11.714,11.686,0.012,0.012
13.11.2023 06:30:21.695 GMT-0800,11.714,11.696,0.012,0.012
13.11.2023 06:30:22.975 GMT-0800,11.714,11.686,0.012,0.012
13.11.2023 06:30:23.079 GMT-0800,11.713,11.697000000000001,0.012,0.012
13.11.2023 06:30:25.033 GMT-0800,11.724000000000002,11.696,0.012,0.012
13.11.2023 06:30:25.083 GMT-0800,11.714,11.696,0.012,0.012
13.11.2023 06:30:25.919 GMT-0800,11.724000000000002,11.696,0.012,0.012
13.11.2023 06:30:26.192 GMT-0800,11.714,11.696,0.012,0.012
13.11.2023 06:30:29.384 GMT-0800,11.722999999999999,11.707,0.012,0.012
13.11.2023 06:30:29.628 GMT-0800,11.722999999999999,11.697000000000001,0.012,0.012
13.11.2023 06:30:30.046 GMT-0800,11.724000000000002,11.706,0.012,0.012
13.11.2023 06:30:30.578 GMT-0800,11.714,11.696,0.012,0.012
13.11.2023 06:30:30.799 GMT-0800,11.714,11.686,0.012,0.012
13.11.2023 06:30:31.279 GMT-0800,11.713,11.697000000000001,0.012,0.012
13.11.2023 06:30:31.538 GMT-0800,11.724000000000002,11.706,0.012,0.012
13.11.2023 06:30:31.781 GMT-0800,11.713,11.697000000000001,0.012,0.012
13.11.2023 06:30:33.440 GMT-0800,11.724000000000002,11.696,0.012,0.012
13.11.2023 06:30:34.411 GMT-0800,11.713,11.697000000000001,0.012,0.012
13.11.2023 06:30:35.056 GMT-0800,11.722999999999999,11.697000000000001,0.012,0.012
13.11.2023 06:30:36.630 GMT-0800,11.713,11.697000000000001,0.012,0.012
13.11.2023 06:30:38.253 GMT-0800,11.713,11.687000000000001,0.012,0.012
13.11.2023 06:30:39.083 GMT-0800,11.704,11.686,0.012,0.012
13.11.2023 06:30:43.460 GMT-0800,11.714,11.686,0.012,0.012
13.11.2023 06:30:44.788 GMT-0800,11.714,11.696,0.012,0.012
13.11.2023 06:30:44.971 GMT-0800,11.713,11.687000000000001,0.012,0.012
13.11.2023 06:30:46.125 GMT-0800,11.714,11.696,0.012,0.012
13.11.2023 06:30:46.866 GMT-0800,11.713,11.687000000000001,0.012,0.012
13.11.2023 06:30:47.191 GMT-0800,11.713,11.697000000000001,0.012,0.012
13.11.2023 06:30:56.317 GMT-0800,11.724000000000002,11.696,0.012,0.012
13.11.2023 06:30:56.657 GMT-0800,11.724000000000002,11.706,0.012,0.012
13.11.2023 06:30:59.625 GMT-0800,11.713,11.697000000000001,0.012,0.012
13.11.2023 06:30:59.796 GMT-0800,11.722999999999999,11.697000000000001,0.012,0.012
13.11.2023 06:31:00.250 GMT-0800,11.714,11.696,0.012,0.012
13.11.2023 06:31:01.136 GMT-0800,11.722999999999999,11.707,0.012,0.012
13.11.2023 06:31:04.721 GMT-0800,11.714,11.696,0.012,0.012
13.11.2023 06:31:06.646 GMT-0800,11.713,11.687000000000001,0.012,0.012
13.11.2023 06:31:06.824 GMT-0800,11.703,11.687000000000001,0.012,0.012
13.11.2023 06:31:10.254 GMT-0800,11.694,11.676,0.012,0.012
13.11.2023 06:31:10.533 GMT-0800,11.704,11.686,0.012,0.012
13.11.2023 06:31:11.217 GMT-0800,11.714,11.696,0.012,0.012
13.11.2023 06:31:11.823 GMT-0800,11.714,11.686,0.012,0.012
13.11.2023 06:31:12.209 GMT-0800,11.713,11.697000000000001,0.012,0.012
13.11.2023 06:31:12.666 GMT-0800,11.703,11.687000000000001,0.012,0.012
13.11.2023 06:31:13.058 GMT-0800,11.713,11.687000000000001,0.012,0.012
13.11.2023 06:31:13.391 GMT-0800,11.714,11.696,0.012,0.012
13.11.2023 06:31:13.717 GMT-0800,11.714,11.686,0.012,0.012
13.11.2023 06:31:15.027 GMT-0800,11.713,11.697000000000001,0.012,0.012
13.11.2023 06:31:18.405 GMT-0800,11.722999999999999,11.697000000000001,0.012,0.012
13.11.2023 06:31:19.481 GMT-0800,11.714,11.696,0.012,0.012
13.11.2023 06:31:22.800 GMT-0800,11.714,11.686,0.012,0.012
13.11.2023 06:31:23.107 GMT-0800,11.713,11.697000000000001,0.012,0.012
13.11.2023 06:31:23.587 GMT-0800,11.703,11.687000000000001,0.012,0.012
13.11.2023 06:31:23.688 GMT-0800,11.694,11.676,0.012,0.012
13.11.2023 06:31:24.218 GMT-0800,11.694,11.665999999999999,0.012,0.012
13.11.2023 06:31:24.268 GMT-0800,11.694,11.676,0.012,0.012
13.11.2023 06:31:25.985 GMT-0800,11.693,11.667,0.012,0.012
13.11.2023 06:31:26.035 GMT-0800,11.684000000000001,11.665999999999999,0.012,0.012
13.11.2023 06:31:28.399 GMT-0800,11.693,11.667,0.012,0.012
13.11.2023 06:31:28.450 GMT-0800,11.694,11.676,0.012,0.012
13.11.2023 06:31:31.865 GMT-0800,11.693,11.667,0.012,0.012
13.11.2023 06:31:33.300 GMT-0800,11.694,11.676,0.012,0.012
13.11.2023 06:31:36.250 GMT-0800,11.703,11.677000000000001,0.012,0.012
13.11.2023 06:31:37.290 GMT-0800,11.704,11.686,0.012,0.012
13.11.2023 06:31:40.368 GMT-0800,11.713,11.687000000000001,0.012,0.012
13.11.2023 06:31:40.720 GMT-0800,11.713,11.697000000000001,0.012,0.012
13.11.2023 06:31:40.771 GMT-0800,11.714,11.686,0.012,0.012
13.11.2023 06:31:40.827 GMT-0800,11.713,11.697000000000001,0.012,0.012
13.11.2023 06:31:50.888 GMT-0800,11.703,11.687000000000001,0.012,0.012
13.11.2023 06:31:52.484 GMT-0800,11.694,11.676,0.012,0.012
13.11.2023 06:31:57.569 GMT-0800,11.703,11.677000000000001,0.012,0.012
13.11.2023 06:31:57.626 GMT-0800,11.694,11.676,0.012,0.012
13.11.2023 06:31:59.346 GMT-0800,11.704,11.686,0.012,0.012
13.11.2023 06:32:00.569 GMT-0800,11.693,11.677000000000001,0.012,0.012
13.11.2023 06:32:04.543 GMT-0800,11.683,11.667,0.012,0.012
13.11.2023 06:32:05.075 GMT-0800,11.693,11.667,0.012,0.012
13.11.2023 06:32:05.408 GMT-0800,11.683,11.667,0.012,0.012
13.11.2023 06:32:06.946 GMT-0800,11.693,11.667,0.012,0.012
13.11.2023 06:32:06.996 GMT-0800,11.693,11.677000000000001,0.012,0.012
13.11.2023 06:32:08.510 GMT-0800,11.683,11.667,0.012,0.012
13.11.2023 06:32:12.238 GMT-0800,11.674000000000001,11.655999999999999,0.012,0.012
13.11.2023 06:32:12.289 GMT-0800,11.683,11.657,0.012,0.012
13.11.2023 06:32:12.659 GMT-0800,11.683,11.667,0.012,0.012
13.11.2023 06:32:13.928 GMT-0800,11.694,11.665999999999999,0.012,0.012
13.11.2023 06:32:15.771 GMT-0800,11.684000000000001,11.665999999999999,0.012,0.012
13.11.2023 06:32:17.191 GMT-0800,11.684000000000001,11.655999999999999,0.012,0.012
13.11.2023 06:32:18.420 GMT-0800,11.684000000000001,11.665999999999999,0.012,0.012
13.11.2023 06:32:27.457 GMT-0800,11.694,11.665999999999999,0.012,0.012
13.11.2023 06:32:28.405 GMT-0800,11.693,11.677000000000001,0.012,0.012
13.11.2023 06:32:30.222 GMT-0800,11.703,11.677000000000001,0.012,0.012
13.11.2023 06:32:31.554 GMT-0800,11.693,11.677000000000001,0.012,0.012
13.11.2023 06:32:59.500 GMT-0800,11.704,11.686,0.012,0.012
13.11.2023 06:33:03.341 GMT-0800,11.694,11.676,0.012,0.012
13.11.2023 06:33:07.357 GMT-0800,11.703,11.687000000000001,0.012,0.012
13.11.2023 06:33:11.075 GMT-0800,11.693,11.677000000000001,0.012,0.012
13.11.2023 06:33:22.760 GMT-0800,11.694,11.665999999999999,0.012,0.012
13.11.2023 06:33:22.810 GMT-0800,11.684000000000001,11.665999999999999,0.012,0.012
13.11.2023 06:33:23.229 GMT-0800,11.694,11.665999999999999,0.012,0.012
13.11.2023 06:33:23.481 GMT-0800,11.694,11.676,0.012,0.012
13.11.2023 06:33:56.310 GMT-0800,11.693,11.667,0.012,0.012
13.11.2023 06:33:56.361 GMT-0800,11.683,11.667,0.012,0.012
13.11.2023 06:34:02.840 GMT-0800,11.694,11.665999999999999,0.012,0.012
13.11.2023 06:34:03.811 GMT-0800,11.683,11.667,0.012,0.012
13.11.2023 06:34:24.744 GMT-0800,11.694,11.665999999999999,0.012,0.012
13.11.2023 06:34:24.794 GMT-0800,11.694,11.676,0.012,0.012
13.11.2023 06:34:41.750 GMT-0800,11.684000000000001,11.665999999999999,0.012,0.012
13.11.2023 06:34:52.547 GMT-0800,11.674000000000001,11.655999999999999,0.012,0.012
13.11.2023 06:34:54.789 GMT-0800,11.684000000000001,11.665999999999999,0.012,0.012
13.11.2023 06:35:01.212 GMT-0800,11.674000000000001,11.655999999999999,0.012,0.012
13.11.2023 06:35:01.717 GMT-0800,11.674000000000001,11.645999999999999,0.012,0.012
13.11.2023 06:35:01.987 GMT-0800,11.673,11.657,0.012,0.012
13.11.2023 06:35:03.419 GMT-0800,11.673,11.647,0.012,0.012
13.11.2023 06:35:03.936 GMT-0800,11.673,11.657,0.012,0.012
13.11.2023 06:35:08.941 GMT-0800,11.674000000000001,11.645999999999999,0.012,0.012
13.11.2023 06:35:08.992 GMT-0800,11.664000000000001,11.645999999999999,0.012,0.012
13.11.2023 06:35:11.760 GMT-0800,11.664000000000001,11.636,0.012,0.012
13.11.2023 06:35:12.090 GMT-0800,11.653,11.637,0.012,0.012
13.11.2023 06:35:14.433 GMT-0800,11.663,11.647,0.012,0.012
13.11.2023 06:35:18.599 GMT-0800,11.674000000000001,11.645999999999999,0.012,0.012
13.11.2023 06:35:19.622 GMT-0800,11.663,11.647,0.012,0.012
13.11.2023 06:35:19.723 GMT-0800,11.674000000000001,11.645999999999999,0.012,0.012
13.11.2023 06:35:20.416 GMT-0800,11.663,11.647,0.012,0.012
13.11.2023 06:35:26.748 GMT-0800,11.664000000000001,11.636,0.012,0.012
13.11.2023 06:35:26.922 GMT-0800,11.664000000000001,11.645999999999999,0.012,0.012
13.11.2023 06:35:37.006 GMT-0800,11.663,11.637,0.012,0.012
13.11.2023 06:35:37.390 GMT-0800,11.663,11.647,0.012,0.012
13.11.2023 06:35:45.743 GMT-0800,11.664000000000001,11.636,0.012,0.012
13.11.2023 06:35:48.111 GMT-0800,11.654000000000002,11.636,0.012,0.012
13.11.2023 06:35:50.126 GMT-0800,11.663,11.647,0.012,0.012
13.11.2023 06:35:51.118 GMT-0800,11.663,11.637,0.012,0.012
13.11.2023 06:35:51.219 GMT-0800,11.654000000000002,11.636,0.012,0.012
13.11.2023 06:36:01.273 GMT-0800,11.664000000000001,11.645999999999999,0.012,0.012
13.11.2023 06:36:06.716 GMT-0800,11.653,11.637,0.012,0.012
13.11.2023 06:36:24.639 GMT-0800,11.653,11.627,0.012,0.012
13.11.2023 06:36:24.690 GMT-0800,11.642999999999999,11.627,0.012,0.012
13.11.2023 06:36:30.693 GMT-0800,11.653,11.627,0.012,0.012
13.11.2023 06:36:31.720 GMT-0800,11.654000000000002,11.636,0.012,0.012
13.11.2023 06:36:37.982 GMT-0800,11.654000000000002,11.626,0.012,0.012
13.11.2023 06:36:38.033 GMT-0800,11.644000000000002,11.626,0.012,0.012
13.11.2023 06:37:05.807 GMT-0800,11.654000000000002,11.636,0.012,0.012
13.11.2023 06:37:15.823 GMT-0800,11.642999999999999,11.627,0.012,0.012
13.11.2023 06:38:29.546 GMT-0800,11.653,11.627,0.012,0.012
13.11.2023 06:38:29.597 GMT-0800,11.654000000000002,11.636,0.012,0.012
13.11.2023 06:38:41.387 GMT-0800,11.653,11.627,0.012,0.012
13.11.2023 06:38:41.437 GMT-0800,11.642999999999999,11.627,0.012,0.012
13.11.2023 06:39:07.592 GMT-0800,11.634,11.616,0.012,0.012
13.11.2023 06:39:31.714 GMT-0800,11.644000000000002,11.626,0.012,0.012
13.11.2023 06:39:40.633 GMT-0800,11.653,11.637,0.012,0.012
13.11.2023 06:40:01.161 GMT-0800,11.663,11.647,0.012,0.012
13.11.2023 06:40:05.058 GMT-0800,11.653,11.637,0.012,0.012
13.11.2023 06:40:09.097 GMT-0800,11.664000000000001,11.645999999999999,0.012,0.012
13.11.2023 06:40:26.392 GMT-0800,11.654000000000002,11.636,0.012,0.012
13.11.2023 06:40:28.766 GMT-0800,11.663,11.647,0.012,0.012
13.11.2023 06:40:40.761 GMT-0800,11.654000000000002,11.636,0.012,0.012
13.11.2023 06:40:47.442 GMT-0800,11.664000000000001,11.645999999999999,0.012,0.012
13.11.2023 06:41:04.812 GMT-0800,11.673,11.647,0.012,0.012
13.11.2023 06:41:04.862 GMT-0800,11.673,11.657,0.012,0.012
13.11.2023 06:41:05.100 GMT-0800,11.674000000000001,11.645999999999999,0.012,0.012
13.11.2023 06:41:05.339 GMT-0800,11.674000000000001,11.655999999999999,0.012,0.012
13.11.2023 06:41:13.994 GMT-0800,11.664000000000001,11.645999999999999,0.012,0.012
13.11.2023 06:41:17.258 GMT-0800,11.654000000000002,11.636,0.012,0.012
13.11.2023 06:41:18.561 GMT-0800,11.664000000000001,11.636,0.012,0.012
13.11.2023 06:41:18.611 GMT-0800,11.663,11.647,0.012,0.012
13.11.2023 06:41:34.339 GMT-0800,11.654000000000002,11.636,0.012,0.012
13.11.2023 06:41:42.363 GMT-0800,11.664000000000001,11.645999999999999,0.012,0.012
13.11.2023 06:41:44.495 GMT-0800,11.663,11.637,0.012,0.012
13.11.2023 06:41:44.546 GMT-0800,11.653,11.637,0.012,0.012
13.11.2023 06:41:55.365 GMT-0800,11.663,11.647,0.012,0.012
13.11.2023 06:42:13.209 GMT-0800,11.673,11.647,0.012,0.012
13.11.2023 06:42:13.401 GMT-0800,11.664000000000001,11.645999999999999,0.012,0.012
13.11.2023 06:42:14.198 GMT-0800,11.673,11.647,0.012,0.012
13.11.2023 06:42:15.256 GMT-0800,11.674000000000001,11.655999999999999,0.012,0.012
13.11.2023 06:42:15.989 GMT-0800,11.674000000000001,11.645999999999999,0.012,0.012
13.11.2023 06:42:16.573 GMT-0800,11.673,11.657,0.012,0.012
13.11.2023 06:42:24.007 GMT-0800,11.683,11.657,0.012,0.012
13.11.2023 06:42:24.090 GMT-0800,11.674000000000001,11.655999999999999,0.012,0.012
13.11.2023 06:42:30.174 GMT-0800,11.663,11.647,0.012,0.012
13.11.2023 06:42:40.425 GMT-0800,11.663,11.637,0.012,0.012
13.11.2023 06:42:40.475 GMT-0800,11.653,11.637,0.012,0.012
13.11.2023 06:42:57.417 GMT-0800,11.664000000000001,11.645999999999999,0.012,0.012
13.11.2023 06:43:01.673 GMT-0800,11.674000000000001,11.655999999999999,0.012,0.012
13.11.2023 06:43:09.167 GMT-0800,11.664000000000001,11.645999999999999,0.012,0.012
13.11.2023 06:43:22.321 GMT-0800,11.674000000000001,11.655999999999999,0.012,0.012
13.11.2023 06:43:24.501 GMT-0800,11.663,11.647,0.012,0.012
13.11.2023 06:43:56.866 GMT-0800,11.674000000000001,11.655999999999999,0.012,0.012
13.11.2023 06:44:00.109 GMT-0800,11.663,11.647,0.012,0.012
13.11.2023 06:44:07.384 GMT-0800,11.674000000000001,11.655999999999999,0.012,0.012
13.11.2023 06:44:35.273 GMT-0800,11.683,11.667,0.012,0.012
13.11.2023 06:44:37.105 GMT-0800,11.684000000000001,11.655999999999999,0.012,0.012
13.11.2023 06:44:37.156 GMT-0800,11.673,11.657,0.012,0.012
13.11.2023 06:44:47.867 GMT-0800,11.663,11.647,0.012,0.012
13.11.2023 06:45:01.027 GMT-0800,11.673,11.657,0.012,0.012
13.11.2023 06:45:17.829 GMT-0800,11.684000000000001,11.665999999999999,0.012,0.012
13.11.2023 06:45:34.594 GMT-0800,11.694,11.665999999999999,0.012,0.012
13.11.2023 06:45:34.717 GMT-0800,11.693,11.677000000000001,0.012,0.012
13.11.2023 06:45:37.553 GMT-0800,11.694,11.665999999999999,0.012,0.012
13.11.2023 06:45:37.604 GMT-0800,11.694,11.676,0.012,0.012
13.11.2023 06:46:43.408 GMT-0800,11.703,11.687000000000001,0.012,0.012
13.11.2023 06:46:52.210 GMT-0800,11.714,11.686,0.012,0.012
13.11.2023 06:46:52.260 GMT-0800,11.713,11.697000000000001,0.012,0.012
13.11.2023 06:46:56.045 GMT-0800,11.722999999999999,11.707,0.012,0.012
13.11.2023 06:47:17.187 GMT-0800,11.733,11.717,0.012,0.012
13.11.2023 06:47:30.635 GMT-0800,11.743,11.717,0.012,0.012
13.11.2023 06:47:30.686 GMT-0800,11.744000000000002,11.725999999999999,0.012,0.012
13.11.2023 06:47:33.409 GMT-0800,11.744000000000002,11.716,0.012,0.012
13.11.2023 06:47:33.459 GMT-0800,11.733,11.717,0.012,0.012
13.11.2023 06:47:59.473 GMT-0800,11.734000000000002,11.706,0.012,0.012
13.11.2023 06:47:59.524 GMT-0800,11.724000000000002,11.706,0.012,0.012
13.11.2023 06:48:06.501 GMT-0800,11.733,11.707,0.012,0.012
13.11.2023 06:48:06.552 GMT-0800,11.733,11.717,0.012,0.012
13.11.2023 06:49:19.217 GMT-0800,11.743,11.727,0.012,0.012
13.11.2023 06:49:59.992 GMT-0800,11.754000000000001,11.725999999999999,0.012,0.012
13.11.2023 06:50:00.042 GMT-0800,11.754000000000001,11.735999999999999,0.012,0.012
13.11.2023 06:50:02.202 GMT-0800,11.744000000000002,11.725999999999999,0.012,0.012
13.11.2023 06:50:27.045 GMT-0800,11.754000000000001,11.735999999999999,0.012,0.012
13.11.2023 06:50:33.248 GMT-0800,11.764000000000001,11.745999999999999,0.012,0.012
13.11.2023 06:50:39.515 GMT-0800,11.774000000000001,11.745999999999999,0.012,0.012
13.11.2023 06:50:40.927 GMT-0800,11.774000000000001,11.755999999999998,0.012,0.012
13.11.2023 06:50:50.792 GMT-0800,11.783,11.767000000000001,0.012,0.012
13.11.2023 06:50:53.016 GMT-0800,11.784,11.755999999999998,0.012,0.012
13.11.2023 06:50:53.067 GMT-0800,11.774000000000001,11.755999999999998,0.012,0.012
13.11.2023 06:51:06.006 GMT-0800,11.784,11.755999999999998,0.012,0.012
13.11.2023 06:51:06.057 GMT-0800,11.773,11.757000000000001,0.012,0.012
13.11.2023 06:51:14.347 GMT-0800,11.784,11.766,0.012,0.012
13.11.2023 06:51:46.770 GMT-0800,11.793,11.767000000000001,0.012,0.012
13.11.2023 06:51:46.906 GMT-0800,11.794,11.776,0.012,0.012
13.11.2023 06:51:54.789 GMT-0800,11.804,11.776,0.012,0.012
13.11.2023 06:51:54.840 GMT-0800,11.793,11.777000000000001,0.012,0.012
13.11.2023 06:51:56.940 GMT-0800,11.804,11.776,0.012,0.012
13.11.2023 06:52:00.405 GMT-0800,11.793,11.777000000000001,0.012,0.012
13.11.2023 06:52:03.847 GMT-0800,11.804,11.776,0.012,0.012
13.11.2023 06:52:04.428 GMT-0800,11.794,11.776,0.012,0.012
13.11.2023 06:52:04.662 GMT-0800,11.802999999999999,11.777000000000001,0.012,0.012
13.11.2023 06:52:05.649 GMT-0800,11.794,11.776,0.012,0.012
13.11.2023 06:52:06.011 GMT-0800,11.804,11.776,0.012,0.012
13.11.2023 06:52:06.062 GMT-0800,11.794,11.776,0.012,0.012
13.11.2023 06:52:17.149 GMT-0800,11.804,11.776,0.012,0.012
13.11.2023 06:52:17.219 GMT-0800,11.794,11.776,0.012,0.012
13.11.2023 06:52:33.887 GMT-0800,11.784,11.766,0.012,0.012
13.11.2023 06:52:34.736 GMT-0800,11.773,11.757000000000001,0.012,0.012
13.11.2023 06:52:37.827 GMT-0800,11.773,11.747,0.012,0.012
13.11.2023 06:52:37.878 GMT-0800,11.763,11.747,0.012,0.012
13.11.2023 06:53:10.970 GMT-0800,11.773,11.747,0.012,0.012
13.11.2023 06:53:11.020 GMT-0800,11.773,11.757000000000001,0.012,0.012
13.11.2023 06:53:12.305 GMT-0800,11.764000000000001,11.745999999999999,0.012,0.012
13.11.2023 06:53:33.552 GMT-0800,11.754000000000001,11.735999999999999,0.012,0.012
13.11.2023 06:53:43.788 GMT-0800,11.743,11.727,0.012,0.012
13.11.2023 06:54:38.751 GMT-0800,11.754000000000001,11.735999999999999,0.012,0.012
13.11.2023 06:54:46.449 GMT-0800,11.744000000000002,11.725999999999999,0.012,0.012
13.11.2023 06:54:49.877 GMT-0800,11.733,11.717,0.012,0.012
13.11.2023 06:54:58.784 GMT-0800,11.743,11.727,0.012,0.012
13.11.2023 06:55:07.679 GMT-0800,11.733,11.717,0.012,0.012
13.11.2023 06:56:02.097 GMT-0800,11.733,11.707,0.012,0.012
13.11.2023 06:56:02.891 GMT-0800,11.724000000000002,11.706,0.012,0.012
13.11.2023 06:56:30.290 GMT-0800,11.714,11.696,0.012,0.012
13.11.2023 06:56:36.691 GMT-0800,11.722999999999999,11.697000000000001,0.012,0.012
13.11.2023 06:56:36.822 GMT-0800,11.724000000000002,11.706,0.012,0.012
13.11.2023 06:56:49.492 GMT-0800,11.713,11.697000000000001,0.012,0.012
13.11.2023 06:57:37.789 GMT-0800,11.724000000000002,11.706,0.012,0.012
13.11.2023 06:57:43.093 GMT-0800,11.733,11.717,0.012,0.012
13.11.2023 06:57:43.430 GMT-0800,11.733,11.707,0.012,0.012
13.11.2023 06:57:44.758 GMT-0800,11.724000000000002,11.706,0.012,0.012
13.11.2023 06:57:50.968 GMT-0800,11.733,11.707,0.012,0.012
13.11.2023 06:57:51.019 GMT-0800,11.734000000000002,11.716,0.012,0.012
13.11.2023 06:58:07.938 GMT-0800,11.744000000000002,11.716,0.012,0.012
13.11.2023 06:58:07.988 GMT-0800,11.743,11.727,0.012,0.012
13.11.2023 06:58:08.194 GMT-0800,11.753,11.727,0.012,0.012
13.11.2023 06:58:13.677 GMT-0800,11.754000000000001,11.735999999999999,0.012,0.012
13.11.2023 06:58:20.484 GMT-0800,11.744000000000002,11.725999999999999,0.012,0.012
13.11.2023 06:58:35.494 GMT-0800,11.753,11.737,0.012,0.012
13.11.2023 06:59:12.663 GMT-0800,11.744000000000002,11.725999999999999,0.012,0.012
13.11.2023 06:59:43.612 GMT-0800,11.734000000000002,11.716,0.012,0.012
13.11.2023 07:00:12.477 GMT-0800,11.722999999999999,11.707,0.012,0.012
13.11.2023 07:00:16.825 GMT-0800,11.713,11.697000000000001,0.012,0.012
13.11.2023 07:00:40.556 GMT-0800,11.722999999999999,11.697000000000001,0.012,0.012
13.11.2023 07:00:40.606 GMT-0800,11.722999999999999,11.707,0.012,0.012
13.11.2023 07:00:46.854 GMT-0800,11.733,11.717,0.012,0.012
13.11.2023 07:01:22.200 GMT-0800,11.744000000000002,11.725999999999999,0.012,0.012
13.11.2023 07:01:38.801 GMT-0800,11.754000000000001,11.725999999999999,0.012,0.012
13.11.2023 07:01:38.851 GMT-0800,11.754000000000001,11.735999999999999,0.012,0.012
13.11.2023 07:03:09.350 GMT-0800,11.763,11.737,0.012,0.012
13.11.2023 07:03:09.401 GMT-0800,11.764000000000001,11.745999999999999,0.012,0.012
13.11.2023 07:03:11.629 GMT-0800,11.773,11.757000000000001,0.012,0.012
13.11.2023 07:03:25.215 GMT-0800,11.783,11.767000000000001,0.012,0.012
13.11.2023 07:03:38.207 GMT-0800,11.794,11.776,0.012,0.012
13.11.2023 07:04:33.696 GMT-0800,11.784,11.766,0.012,0.012
13.11.2023 07:04:39.074 GMT-0800,11.784,11.755999999999998,0.012,0.012
13.11.2023 07:04:39.125 GMT-0800,11.773,11.757000000000001,0.012,0.012
13.11.2023 07:04:53.135 GMT-0800,11.783,11.767000000000001,0.012,0.012
13.11.2023 07:04:55.948 GMT-0800,11.793,11.777000000000001,0.012,0.012
13.11.2023 07:04:59.358 GMT-0800,11.802999999999999,11.787,0.012,0.012
13.11.2023 07:05:11.371 GMT-0800,11.793,11.777000000000001,0.012,0.012
13.11.2023 07:05:27.792 GMT-0800,11.804,11.786,0.012,0.012
13.11.2023 07:06:30.378 GMT-0800,11.813,11.797,0.012,0.012
13.11.2023 07:06:36.186 GMT-0800,11.824000000000002,11.806,0.012,0.012
13.11.2023 07:06:47.598 GMT-0800,11.833,11.807,0.012,0.012
13.11.2023 07:06:47.704 GMT-0800,11.843,11.817,0.012,0.012
13.11.2023 07:06:47.855 GMT-0800,11.833,11.817,0.012,0.012
13.11.2023 07:06:58.554 GMT-0800,11.843,11.817,0.012,0.012
13.11.2023 07:06:58.712 GMT-0800,11.834000000000001,11.815999999999999,0.012,0.012
13.11.2023 07:07:20.262 GMT-0800,11.844000000000001,11.815999999999999,0.012,0.012
13.11.2023 07:07:20.313 GMT-0800,11.834000000000001,11.815999999999999,0.012,0.012
13.11.2023 07:07:26.244 GMT-0800,11.824000000000002,11.806,0.012,0.012
13.11.2023 07:07:54.407 GMT-0800,11.814000000000002,11.796,0.012,0.012
13.11.2023 07:08:12.529 GMT-0800,11.823,11.797,0.012,0.012
13.11.2023 07:08:12.579 GMT-0800,11.824000000000002,11.806,0.012,0.012
13.11.2023 07:08:20.221 GMT-0800,11.814000000000002,11.796,0.012,0.012
13.11.2023 07:08:26.150 GMT-0800,11.823,11.797,0.012,0.012
13.11.2023 07:08:26.200 GMT-0800,11.824000000000002,11.806,0.012,0.012
13.11.2023 07:08:37.099 GMT-0800,11.833,11.807,0.012,0.012
13.11.2023 07:08:38.193 GMT-0800,11.824000000000002,11.806,0.012,0.012
13.11.2023 07:08:49.000 GMT-0800,11.834000000000001,11.806,0.012,0.012
13.11.2023 07:08:49.060 GMT-0800,11.834000000000001,11.815999999999999,0.012,0.012
13.11.2023 07:08:53.429 GMT-0800,11.834000000000001,11.806,0.012,0.012
13.11.2023 07:08:53.480 GMT-0800,11.833,11.817,0.012,0.012
13.11.2023 07:08:54.562 GMT-0800,11.823,11.807,0.012,0.012
13.11.2023 07:10:07.364 GMT-0800,11.814000000000002,11.796,0.012,0.012
13.11.2023 07:10:19.776 GMT-0800,11.824000000000002,11.796,0.012,0.012
13.11.2023 07:10:19.826 GMT-0800,11.823,11.807,0.012,0.012
13.11.2023 07:10:27.401 GMT-0800,11.833,11.807,0.012,0.012
13.11.2023 07:10:27.956 GMT-0800,11.823,11.807,0.012,0.012
13.11.2023 07:10:28.614 GMT-0800,11.834000000000001,11.806,0.012,0.012
13.11.2023 07:10:29.448 GMT-0800,11.823,11.807,0.012,0.012
13.11.2023 07:10:40.501 GMT-0800,11.824000000000002,11.796,0.012,0.012
13.11.2023 07:10:40.554 GMT-0800,11.814000000000002,11.796,0.012,0.012
13.11.2023 07:11:16.919 GMT-0800,11.813,11.787,0.012,0.012
13.11.2023 07:11:18.140 GMT-0800,11.802999999999999,11.787,0.012,0.012
13.11.2023 07:11:23.325 GMT-0800,11.814000000000002,11.786,0.012,0.012
13.11.2023 07:11:23.375 GMT-0800,11.814000000000002,11.796,0.012,0.012
13.11.2023 07:11:27.698 GMT-0800,11.823,11.797,0.012,0.012
13.11.2023 07:11:29.524 GMT-0800,11.823,11.807,0.012,0.012
13.11.2023 07:12:38.146 GMT-0800,11.813,11.797,0.012,0.012
13.11.2023 07:12:41.650 GMT-0800,11.814000000000002,11.786,0.012,0.012
13.11.2023 07:12:41.874 GMT-0800,11.804,11.786,0.012,0.012
13.11.2023 07:12:50.272 GMT-0800,11.802999999999999,11.777000000000001,0.012,0.012
13.11.2023 07:12:50.678 GMT-0800,11.794,11.776,0.012,0.012
13.11.2023 07:12:56.263 GMT-0800,11.783,11.767000000000001,0.012,0.012
13.11.2023 07:13:07.067 GMT-0800,11.793,11.767000000000001,0.012,0.012
13.11.2023 07:13:07.117 GMT-0800,11.783,11.767000000000001,0.012,0.012
13.11.2023 07:13:16.908 GMT-0800,11.793,11.777000000000001,0.012,0.012
13.11.2023 07:13:31.045 GMT-0800,11.804,11.776,0.012,0.012
13.11.2023 07:13:31.096 GMT-0800,11.804,11.786,0.012,0.012
13.11.2023 07:14:02.320 GMT-0800,11.793,11.777000000000001,0.012,0.012
13.11.2023 07:14:20.131 GMT-0800,11.794,11.766,0.012,0.012
13.11.2023 07:14:20.775 GMT-0800,11.793,11.777000000000001,0.012,0.012
13.11.2023 07:14:20.962 GMT-0800,11.783,11.767000000000001,0.012,0.012
13.11.2023 07:14:23.342 GMT-0800,11.773,11.757000000000001,0.012,0.012
13.11.2023 07:14:36.512 GMT-0800,11.784,11.766,0.012,0.012
13.11.2023 07:14:54.497 GMT-0800,11.794,11.776,0.012,0.012
13.11.2023 07:14:56.049 GMT-0800,11.794,11.766,0.012,0.012
13.11.2023 07:14:56.099 GMT-0800,11.784,11.766,0.012,0.012
13.11.2023 07:15:34.130 GMT-0800,11.774000000000001,11.755999999999998,0.012,0.012
13.11.2023 07:15:52.617 GMT-0800,11.763,11.747,0.012,0.012
13.11.2023 07:16:11.802 GMT-0800,11.773,11.757000000000001,0.012,0.012
13.11.2023 07:16:20.069 GMT-0800,11.784,11.766,0.012,0.012
13.11.2023 07:16:42.889 GMT-0800,11.783,11.757000000000001,0.012,0.012
13.11.2023 07:16:42.944 GMT-0800,11.773,11.757000000000001,0.012,0.012
13.11.2023 07:17:01.160 GMT-0800,11.784,11.755999999999998,0.012,0.012
13.11.2023 07:17:01.210 GMT-0800,11.783,11.767000000000001,0.012,0.012
13.11.2023 07:17:09.277 GMT-0800,11.794,11.766,0.012,0.012
13.11.2023 07:17:09.886 GMT-0800,11.784,11.766,0.012,0.012
13.11.2023 07:17:30.798 GMT-0800,11.773,11.757000000000001,0.012,0.012
13.11.2023 07:18:54.053 GMT-0800,11.784,11.766,0.012,0.012
13.11.2023 07:19:05.085 GMT-0800,11.784,11.755999999999998,0.012,0.012
13.11.2023 07:19:05.135 GMT-0800,11.783,11.767000000000001,0.012,0.012
13.11.2023 07:19:34.473 GMT-0800,11.794,11.776,0.012,0.012
13.11.2023 07:19:37.393 GMT-0800,11.783,11.767000000000001,0.012,0.012
13.11.2023 07:20:11.355 GMT-0800,11.773,11.757000000000001,0.012,0.012
13.11.2023 07:20:35.443 GMT-0800,11.784,11.766,0.012,0.012
13.11.2023 07:21:09.905 GMT-0800,11.794,11.766,0.012,0.012
13.11.2023 07:21:09.955 GMT-0800,11.783,11.767000000000001,0.012,0.012
13.11.2023 07:21:34.969 GMT-0800,11.773,11.757000000000001,0.012,0.012
13.11.2023 07:22:00.592 GMT-0800,11.783,11.767000000000001,0.012,0.012
13.11.2023 07:22:28.072 GMT-0800,11.773,11.757000000000001,0.012,0.012
13.11.2023 07:22:40.661 GMT-0800,11.784,11.755999999999998,0.012,0.012
13.11.2023 07:22:40.762 GMT-0800,11.784,11.766,0.012,0.012
13.11.2023 07:23:34.127 GMT-0800,11.774000000000001,11.755999999999998,0.012,0.012
13.11.2023 07:23:45.344 GMT-0800,11.763,11.747,0.012,0.012
13.11.2023 07:25:56.200 GMT-0800,11.773,11.747,0.012,0.012
13.11.2023 07:25:56.251 GMT-0800,11.773,11.757000000000001,0.012,0.012
13.11.2023 07:26:15.090 GMT-0800,11.783,11.757000000000001,0.012,0.012
13.11.2023 07:26:15.141 GMT-0800,11.783,11.767000000000001,0.012,0.012
13.11.2023 07:26:27.985 GMT-0800,11.793,11.777000000000001,0.012,0.012
13.11.2023 07:26:32.445 GMT-0800,11.793,11.767000000000001,0.012,0.012
13.11.2023 07:26:32.496 GMT-0800,11.783,11.767000000000001,0.012,0.012
13.11.2023 07:27:05.680 GMT-0800,11.774000000000001,11.755999999999998,0.012,0.012
13.11.2023 07:27:08.840 GMT-0800,11.773,11.747,0.012,0.012
13.11.2023 07:27:09.807 GMT-0800,11.773,11.757000000000001,0.012,0.012
13.11.2023 07:27:10.814 GMT-0800,11.774000000000001,11.745999999999999,0.012,0.012
13.11.2023 07:27:11.777 GMT-0800,11.764000000000001,11.745999999999999,0.012,0.012
13.11.2023 07:27:29.792 GMT-0800,11.773,11.747,0.012,0.012
13.11.2023 07:27:29.843 GMT-0800,11.763,11.747,0.012,0.012
13.11.2023 07:27:30.297 GMT-0800,11.773,11.757000000000001,0.012,0.012
13.11.2023 07:27:43.256 GMT-0800,11.784,11.755999999999998,0.012,0.012
13.11.2023 07:27:44.280 GMT-0800,11.773,11.757000000000001,0.012,0.012
13.11.2023 07:27:46.219 GMT-0800,11.783,11.767000000000001,0.012,0.012
13.11.2023 07:29:54.317 GMT-0800,11.774000000000001,11.755999999999998,0.012,0.012
13.11.2023 07:30:14.200 GMT-0800,11.764000000000001,11.745999999999999,0.012,0.012
13.11.2023 07:30:19.985 GMT-0800,11.773,11.757000000000001,0.012,0.012
13.11.2023 07:30:47.013 GMT-0800,11.764000000000001,11.745999999999999,0.012,0.012
13.11.2023 07:31:14.406 GMT-0800,11.773,11.747,0.012,0.012
13.11.2023 07:31:14.457 GMT-0800,11.773,11.757000000000001,0.012,0.012
13.11.2023 07:31:22.914 GMT-0800,11.763,11.747,0.012,0.012
13.11.2023 07:32:03.326 GMT-0800,11.773,11.757000000000001,0.012,0.012
13.11.2023 07:32:30.146 GMT-0800,11.784,11.755999999999998,0.012,0.012
13.11.2023 07:32:30.735 GMT-0800,11.773,11.757000000000001,0.012,0.012
13.11.2023 07:32:34.024 GMT-0800,11.783,11.757000000000001,0.012,0.012
13.11.2023 07:32:34.075 GMT-0800,11.784,11.766,0.012,0.012
13.11.2023 07:33:02.807 GMT-0800,11.773,11.757000000000001,0.012,0.012
13.11.2023 07:33:25.104 GMT-0800,11.784,11.755999999999998,0.012,0.012
13.11.2023 07:33:25.154 GMT-0800,11.783,11.767000000000001,0.012,0.012
13.11.2023 07:33:35.825 GMT-0800,11.793,11.777000000000001,0.012,0.012
13.11.2023 07:33:48.326 GMT-0800,11.794,11.766,0.012,0.012
13.11.2023 07:33:48.379 GMT-0800,11.793,11.777000000000001,0.012,0.012
13.11.2023 07:33:52.498 GMT-0800,11.794,11.766,0.012,0.012
13.11.2023 07:33:52.552 GMT-0800,11.793,11.777000000000001,0.012,0.012
13.11.2023 07:33:52.653 GMT-0800,11.784,11.766,0.012,0.012
13.11.2023 07:34:39.492 GMT-0800,11.794,11.766,0.012,0.012
13.11.2023 07:34:39.543 GMT-0800,11.793,11.777000000000001,0.012,0.012
13.11.2023 07:34:45.284 GMT-0800,11.802999999999999,11.777000000000001,0.012,0.012
13.11.2023 07:34:45.334 GMT-0800,11.804,11.786,0.012,0.012
13.11.2023 07:34:52.612 GMT-0800,11.804,11.776,0.012,0.012
13.11.2023 07:34:52.763 GMT-0800,11.802999999999999,11.787,0.012,0.012
13.11.2023 07:34:52.841 GMT-0800,11.802999999999999,11.777000000000001,0.012,0.012
13.11.2023 07:34:53.282 GMT-0800,11.804,11.786,0.012,0.012
13.11.2023 07:35:06.115 GMT-0800,11.793,11.777000000000001,0.012,0.012
13.11.2023 07:35:28.732 GMT-0800,11.784,11.766,0.012,0.012
13.11.2023 07:35:48.578 GMT-0800,11.793,11.767000000000001,0.012,0.012
13.11.2023 07:35:48.629 GMT-0800,11.784,11.766,0.012,0.012
13.11.2023 07:36:22.544 GMT-0800,11.793,11.777000000000001,0.012,0.012
13.11.2023 07:36:50.649 GMT-0800,11.784,11.766,0.012,0.012
13.11.2023 07:36:58.086 GMT-0800,11.794,11.766,0.012,0.012
13.11.2023 07:36:58.137 GMT-0800,11.784,11.766,0.012,0.012
13.11.2023 07:37:04.582 GMT-0800,11.793,11.767000000000001,0.012,0.012
13.11.2023 07:37:04.632 GMT-0800,11.793,11.777000000000001,0.012,0.012
13.11.2023 07:38:44.524 GMT-0800,11.804,11.786,0.012,0.012
13.11.2023 07:38:48.423 GMT-0800,11.814000000000002,11.786,0.012,0.012
13.11.2023 07:38:48.474 GMT-0800,11.814000000000002,11.796,0.012,0.012
13.11.2023 07:38:57.932 GMT-0800,11.804,11.786,0.012,0.012
13.11.2023 07:39:04.254 GMT-0800,11.793,11.777000000000001,0.012,0.012
13.11.2023 07:39:46.562 GMT-0800,11.794,11.766,0.012,0.012
13.11.2023 07:39:46.613 GMT-0800,11.794,11.776,0.012,0.012
13.11.2023 07:39:57.566 GMT-0800,11.784,11.766,0.012,0.012
13.11.2023 07:40:01.729 GMT-0800,11.794,11.766,0.012,0.012
13.11.2023 07:40:04.170 GMT-0800,11.793,11.777000000000001,0.012,0.012
13.11.2023 07:40:28.026 GMT-0800,11.784,11.766,0.012,0.012
13.11.2023 07:42:02.201 GMT-0800,11.784,11.755999999999998,0.012,0.012
13.11.2023 07:42:02.251 GMT-0800,11.773,11.757000000000001,0.012,0.012
13.11.2023 07:42:37.430 GMT-0800,11.764000000000001,11.745999999999999,0.012,0.012
13.11.2023 07:42:40.384 GMT-0800,11.754000000000001,11.735999999999999,0.012,0.012
13.11.2023 07:44:09.112 GMT-0800,11.754000000000001,11.725999999999999,0.012,0.012
13.11.2023 07:44:09.163 GMT-0800,11.744000000000002,11.725999999999999,0.012,0.012
13.11.2023 07:45:15.257 GMT-0800,11.754000000000001,11.735999999999999,0.012,0.012
13.11.2023 07:45:37.634 GMT-0800,11.764000000000001,11.745999999999999,0.012,0.012
13.11.2023 07:45:41.004 GMT-0800,11.774000000000001,11.755999999999998,0.012,0.012
13.11.2023 07:45:43.475 GMT-0800,11.774000000000001,11.745999999999999,0.012,0.012
13.11.2023 07:45:43.525 GMT-0800,11.764000000000001,11.745999999999999,0.012,0.012
13.11.2023 07:46:04.401 GMT-0800,11.773,11.747,0.012,0.012
13.11.2023 07:46:04.452 GMT-0800,11.764000000000001,11.745999999999999,0.012,0.012
13.11.2023 07:46:15.689 GMT-0800,11.764000000000001,11.735999999999999,0.012,0.012
13.11.2023 07:46:15.740 GMT-0800,11.754000000000001,11.735999999999999,0.012,0.012
13.11.2023 07:46:25.633 GMT-0800,11.743,11.727,0.012,0.012
13.11.2023 07:46:51.574 GMT-0800,11.754000000000001,11.735999999999999,0.012,0.012
13.11.2023 07:46:53.388 GMT-0800,11.764000000000001,11.735999999999999,0.012,0.012
13.11.2023 07:46:54.304 GMT-0800,11.753,11.737,0.012,0.012
13.11.2023 07:46:54.805 GMT-0800,11.764000000000001,11.745999999999999,0.012,0.012
13.11.2023 07:47:30.074 GMT-0800,11.774000000000001,11.755999999999998,0.012,0.012
13.11.2023 07:47:38.757 GMT-0800,11.763,11.747,0.012,0.012
13.11.2023 07:48:03.131 GMT-0800,11.754000000000001,11.735999999999999,0.012,0.012
13.11.2023 07:48:05.189 GMT-0800,11.753,11.727,0.012,0.012
13.11.2023 07:48:05.240 GMT-0800,11.754000000000001,11.735999999999999,0.012,0.012
13.11.2023 07:48:06.653 GMT-0800,11.744000000000002,11.725999999999999,0.012,0.012
13.11.2023 07:48:55.684 GMT-0800,11.754000000000001,11.725999999999999,0.012,0.012
13.11.2023 07:48:55.735 GMT-0800,11.754000000000001,11.735999999999999,0.012,0.012
13.11.2023 07:49:01.715 GMT-0800,11.753,11.727,0.012,0.012
13.11.2023 07:49:03.644 GMT-0800,11.743,11.727,0.012,0.012
13.11.2023 07:49:05.960 GMT-0800,11.754000000000001,11.725999999999999,0.012,0.012
13.11.2023 07:49:06.010 GMT-0800,11.754000000000001,11.735999999999999,0.012,0.012
13.11.2023 07:49:25.428 GMT-0800,11.764000000000001,11.735999999999999,0.012,0.012
13.11.2023 07:49:28.484 GMT-0800,11.753,11.737,0.012,0.012
13.11.2023 07:50:40.928 GMT-0800,11.763,11.747,0.012,0.012
13.11.2023 07:52:15.984 GMT-0800,11.773,11.747,0.012,0.012
13.11.2023 07:52:16.035 GMT-0800,11.773,11.757000000000001,0.012,0.012
13.11.2023 07:52:18.265 GMT-0800,11.764000000000001,11.745999999999999,0.012,0.012
13.11.2023 07:54:05.221 GMT-0800,11.774000000000001,11.745999999999999,0.012,0.012
13.11.2023 07:54:05.272 GMT-0800,11.774000000000001,11.755999999999998,0.012,0.012
13.11.2023 07:54:25.490 GMT-0800,11.784,11.766,0.012,0.012
13.11.2023 07:54:27.643 GMT-0800,11.783,11.757000000000001,0.012,0.012
13.11.2023 07:54:27.694 GMT-0800,11.773,11.757000000000001,0.012,0.012
13.11.2023 07:55:34.228 GMT-0800,11.773,11.747,0.012,0.012
13.11.2023 07:55:34.278 GMT-0800,11.774000000000001,11.755999999999998,0.012,0.012
13.11.2023 07:55:45.137 GMT-0800,11.764000000000001,11.745999999999999,0.012,0.012
13.11.2023 07:56:26.498 GMT-0800,11.773,11.757000000000001,0.012,0.012
13.11.2023 07:57:38.682 GMT-0800,11.764000000000001,11.745999999999999,0.012,0.012
13.11.2023 07:57:42.915 GMT-0800,11.774000000000001,11.755999999999998,0.012,0.012
13.11.2023 07:58:51.233 GMT-0800,11.773,11.747,0.012,0.012
13.11.2023 07:58:51.283 GMT-0800,11.763,11.747,0.012,0.012
13.11.2023 07:59:15.929 GMT-0800,11.774000000000001,11.745999999999999,0.012,0.012
13.11.2023 07:59:15.979 GMT-0800,11.773,11.757000000000001,0.012,0.012
13.11.2023 07:59:29.725 GMT-0800,11.763,11.747,0.012,0.012
13.11.2023 07:59:51.715 GMT-0800,11.774000000000001,11.755999999999998,0.012,0.012
13.11.2023 08:00:00.294 GMT-0800,11.773,11.747,0.012,0.012
13.11.2023 08:00:00.344 GMT-0800,11.763,11.747,0.012,0.012
13.11.2023 08:01:54.172 GMT-0800,11.763,11.737,0.012,0.012
13.11.2023 08:01:54.223 GMT-0800,11.753,11.737,0.012,0.012
13.11.2023 08:02:38.638 GMT-0800,11.764000000000001,11.745999999999999,0.012,0.012
13.11.2023 08:04:01.772 GMT-0800,11.773,11.747,0.012,0.012
13.11.2023 08:04:01.822 GMT-0800,11.773,11.757000000000001,0.012,0.012
13.11.2023 08:05:14.242 GMT-0800,11.763,11.747,0.012,0.012
13.11.2023 08:05:16.100 GMT-0800,11.774000000000001,11.755999999999998,0.012,0.012
13.11.2023 08:05:54.493 GMT-0800,11.784,11.766,0.012,0.012
13.11.2023 08:05:54.764 GMT-0800,11.774000000000001,11.755999999999998,0.012,0.012
13.11.2023 08:06:01.504 GMT-0800,11.763,11.747,0.012,0.012
13.11.2023 08:06:06.909 GMT-0800,11.764000000000001,11.735999999999999,0.012,0.012
13.11.2023 08:06:06.959 GMT-0800,11.753,11.737,0.012,0.012
13.11.2023 08:06:30.301 GMT-0800,11.764000000000001,11.735999999999999,0.012,0.012
13.11.2023 08:06:30.352 GMT-0800,11.764000000000001,11.745999999999999,0.012,0.012
13.11.2023 08:07:55.057 GMT-0800,11.773,11.757000000000001,0.012,0.012
13.11.2023 08:08:53.194 GMT-0800,11.783,11.767000000000001,0.012,0.012
13.11.2023 08:09:18.206 GMT-0800,11.783,11.757000000000001,0.012,0.012
13.11.2023 08:09:18.256 GMT-0800,11.783,11.767000000000001,0.012,0.012
13.11.2023 08:09:18.366 GMT-0800,11.773,11.757000000000001,0.012,0.012
13.11.2023 08:09:56.851 GMT-0800,11.784,11.766,0.012,0.012
13.11.2023 08:14:26.941 GMT-0800,11.794,11.776,0.012,0.012
13.11.2023 08:15:04.549 GMT-0800,11.783,11.767000000000001,0.012,0.012
13.11.2023 08:15:50.304 GMT-0800,11.783,11.757000000000001,0.012,0.012
13.11.2023 08:15:50.458 GMT-0800,11.773,11.757000000000001,0.012,0.012
13.11.2023 08:16:16.806 GMT-0800,11.774000000000001,11.745999999999999,0.012,0.012
13.11.2023 08:16:17.082 GMT-0800,11.764000000000001,11.745999999999999,0.012,0.012
13.11.2023 08:16:17.200 GMT-0800,11.764000000000001,11.735999999999999,0.012,0.012
13.11.2023 08:16:17.300 GMT-0800,11.753,11.737,0.012,0.012
13.11.2023 08:16:24.438 GMT-0800,11.764000000000001,11.745999999999999,0.012,0.012
13.11.2023 08:17:25.318 GMT-0800,11.773,11.757000000000001,0.012,0.012
13.11.2023 08:20:13.843 GMT-0800,11.773,11.747,0.012,0.012
13.11.2023 08:20:13.894 GMT-0800,11.763,11.747,0.012,0.012
13.11.2023 08:22:22.770 GMT-0800,11.773,11.757000000000001,0.012,0.012
13.11.2023 08:25:07.087 GMT-0800,11.773,11.747,0.012,0.012
13.11.2023 08:25:07.238 GMT-0800,11.764000000000001,11.745999999999999,0.012,0.012
13.11.2023 08:25:15.525 GMT-0800,11.774000000000001,11.745999999999999,0.012,0.012
13.11.2023 08:25:16.602 GMT-0800,11.774000000000001,11.755999999999998,0.012,0.012
13.11.2023 08:28:15.553 GMT-0800,11.784,11.755999999999998,0.012,0.012
13.11.2023 08:28:15.603 GMT-0800,11.783,11.767000000000001,0.012,0.012
13.11.2023 08:28:55.646 GMT-0800,11.794,11.766,0.012,0.012
13.11.2023 08:28:55.697 GMT-0800,11.794,11.776,0.012,0.012
13.11.2023 08:29:49.101 GMT-0800,11.804,11.786,0.012,0.012
13.11.2023 08:30:22.235 GMT-0800,11.794,11.776,0.012,0.012
13.11.2023 08:31:03.363 GMT-0800,11.804,11.786,0.012,0.012
13.11.2023 08:31:30.086 GMT-0800,11.814000000000002,11.786,0.012,0.012
13.11.2023 08:31:30.137 GMT-0800,11.814000000000002,11.796,0.012,0.012
13.11.2023 08:31:57.714 GMT-0800,11.813,11.787,0.012,0.012
13.11.2023 08:31:57.765 GMT-0800,11.802999999999999,11.787,0.012,0.012
13.11.2023 08:32:04.221 GMT-0800,11.814000000000002,11.786,0.012,0.012
13.11.2023 08:32:15.825 GMT-0800,11.804,11.786,0.012,0.012
13.11.2023 08:32:55.350 GMT-0800,11.813,11.797,0.012,0.012
13.11.2023 08:35:35.470 GMT-0800,11.802999999999999,11.787,0.012,0.012
13.11.2023 08:36:45.094 GMT-0800,11.814000000000002,11.796,0.012,0.012
13.11.2023 08:41:21.757 GMT-0800,11.823,11.797,0.012,0.012
13.11.2023 08:41:23.243 GMT-0800,11.814000000000002,11.796,0.012,0.012
13.11.2023 08:41:43.304 GMT-0800,11.824000000000002,11.796,0.012,0.012
13.11.2023 08:41:43.355 GMT-0800,11.823,11.807,0.012,0.012
13.11.2023 08:42:46.729 GMT-0800,11.833,11.807,0.012,0.012
13.11.2023 08:42:46.780 GMT-0800,11.834000000000001,11.815999999999999,0.012,0.012
13.11.2023 08:43:48.065 GMT-0800,11.823,11.807,0.012,0.012
13.11.2023 08:44:45.132 GMT-0800,11.833,11.807,0.012,0.012
13.11.2023 08:44:45.182 GMT-0800,11.833,11.817,0.012,0.012
13.11.2023 08:45:22.812 GMT-0800,11.843,11.827,0.012,0.012
13.11.2023 08:46:33.539 GMT-0800,11.854000000000001,11.825999999999999,0.012,0.012
13.11.2023 08:46:33.590 GMT-0800,11.853,11.837000000000002,0.012,0.012
13.11.2023 08:47:47.204 GMT-0800,11.864,11.846,0.012,0.012
13.11.2023 08:47:48.149 GMT-0800,11.873,11.847000000000001,0.012,0.012
13.11.2023 08:47:48.283 GMT-0800,11.874,11.856,0.012,0.012
13.11.2023 08:47:57.654 GMT-0800,11.883,11.857000000000001,0.012,0.012
13.11.2023 08:47:57.946 GMT-0800,11.874,11.856,0.012,0.012
13.11.2023 08:48:22.695 GMT-0800,11.864,11.846,0.012,0.012
13.11.2023 08:49:51.802 GMT-0800,11.873,11.847000000000001,0.012,0.012
13.11.2023 08:49:51.853 GMT-0800,11.874,11.856,0.012,0.012
13.11.2023 08:50:10.108 GMT-0800,11.883,11.857000000000001,0.012,0.012
13.11.2023 08:50:10.158 GMT-0800,11.884,11.866,0.012,0.012
13.11.2023 08:50:34.762 GMT-0800,11.874,11.856,0.012,0.012
13.11.2023 08:50:49.478 GMT-0800,11.884,11.856,0.012,0.012
13.11.2023 08:50:49.529 GMT-0800,11.884,11.866,0.012,0.012
13.11.2023 08:51:47.032 GMT-0800,11.894000000000002,11.876,0.012,0.012
13.11.2023 08:52:25.918 GMT-0800,11.892999999999999,11.867,0.012,0.012
13.11.2023 08:52:25.968 GMT-0800,11.884,11.866,0.012,0.012
13.11.2023 08:54:26.993 GMT-0800,11.894000000000002,11.866,0.012,0.012
13.11.2023 08:54:27.046 GMT-0800,11.892999999999999,11.877,0.012,0.012
13.11.2023 08:55:48.114 GMT-0800,11.894000000000002,11.866,0.012,0.012
13.11.2023 08:55:48.165 GMT-0800,11.884,11.866,0.012,0.012
13.11.2023 08:59:18.152 GMT-0800,11.874,11.856,0.012,0.012
13.11.2023 09:01:04.436 GMT-0800,11.873,11.847000000000001,0.012,0.012
13.11.2023 09:01:04.487 GMT-0800,11.864,11.846,0.012,0.012
13.11.2023 09:02:33.648 GMT-0800,11.854000000000001,11.835999999999999,0.012,0.012
13.11.2023 09:02:37.759 GMT-0800,11.854000000000001,11.825999999999999,0.012,0.012
13.11.2023 09:02:37.810 GMT-0800,11.843,11.827,0.012,0.012
13.11.2023 09:03:19.238 GMT-0800,11.853,11.837000000000002,0.012,0.012
13.11.2023 09:03:52.345 GMT-0800,11.843,11.827,0.012,0.012
13.11.2023 09:03:54.439 GMT-0800,11.853,11.837000000000002,0.012,0.012
13.11.2023 09:03:58.816 GMT-0800,11.853,11.827,0.012,0.012
13.11.2023 09:03:58.866 GMT-0800,11.843,11.827,0.012,0.012
13.11.2023 09:04:19.717 GMT-0800,11.853,11.827,0.012,0.012
13.11.2023 09:04:22.819 GMT-0800,11.843,11.827,0.012,0.012
13.11.2023 09:05:57.851 GMT-0800,11.853,11.837000000000002,0.012,0.012
13.11.2023 09:06:48.996 GMT-0800,11.844000000000001,11.825999999999999,0.012,0.012
13.11.2023 09:07:42.883 GMT-0800,11.833,11.817,0.012,0.012
13.11.2023 09:07:47.520 GMT-0800,11.843,11.827,0.012,0.012
13.11.2023 09:09:25.978 GMT-0800,11.853,11.837000000000002,0.012,0.012
13.11.2023 09:09:29.759 GMT-0800,11.843,11.827,0.012,0.012
13.11.2023 09:10:28.534 GMT-0800,11.853,11.837000000000002,0.012,0.012
13.11.2023 09:10:52.923 GMT-0800,11.843,11.827,0.012,0.012
13.11.2023 09:11:28.037 GMT-0800,11.844000000000001,11.815999999999999,0.012,0.012
13.11.2023 09:11:28.473 GMT-0800,11.833,11.817,0.012,0.012
13.11.2023 09:11:29.000 GMT-0800,11.834000000000001,11.806,0.012,0.012
13.11.2023 09:11:29.335 GMT-0800,11.823,11.807,0.012,0.012
13.11.2023 09:11:34.880 GMT-0800,11.834000000000001,11.806,0.012,0.012
13.11.2023 09:11:34.931 GMT-0800,11.833,11.817,0.012,0.012
13.11.2023 09:11:55.293 GMT-0800,11.833,11.807,0.012,0.012
13.11.2023 09:11:55.343 GMT-0800,11.834000000000001,11.815999999999999,0.012,0.012
13.11.2023 09:11:56.115 GMT-0800,11.823,11.807,0.012,0.012
13.11.2023 09:12:29.008 GMT-0800,11.833,11.817,0.012,0.012
13.11.2023 09:14:06.896 GMT-0800,11.844000000000001,11.815999999999999,0.012,0.012
13.11.2023 09:14:06.946 GMT-0800,11.843,11.827,0.012,0.012
13.11.2023 09:15:06.085 GMT-0800,11.843,11.817,0.012,0.012
13.11.2023 09:15:06.136 GMT-0800,11.843,11.827,0.012,0.012
13.11.2023 09:16:47.760 GMT-0800,11.854000000000001,11.835999999999999,0.012,0.012
13.11.2023 09:17:13.466 GMT-0800,11.854000000000001,11.825999999999999,0.012,0.012
13.11.2023 09:17:13.517 GMT-0800,11.844000000000001,11.825999999999999,0.012,0.012
13.11.2023 09:17:16.973 GMT-0800,11.854000000000001,11.835999999999999,0.012,0.012
13.11.2023 09:18:07.188 GMT-0800,11.843,11.827,0.012,0.012
13.11.2023 09:21:31.508 GMT-0800,11.854000000000001,11.825999999999999,0.012,0.012
13.11.2023 09:21:31.558 GMT-0800,11.843,11.827,0.012,0.012
13.11.2023 09:21:44.840 GMT-0800,11.854000000000001,11.835999999999999,0.012,0.012
13.11.2023 09:22:48.496 GMT-0800,11.863,11.837000000000002,0.012,0.012
13.11.2023 09:22:48.546 GMT-0800,11.854000000000001,11.835999999999999,0.012,0.012
13.11.2023 09:22:57.792 GMT-0800,11.863,11.847000000000001,0.012,0.012
13.11.2023 09:24:14.525 GMT-0800,11.873,11.857000000000001,0.012,0.012
13.11.2023 09:24:19.265 GMT-0800,11.873,11.847000000000001,0.012,0.012
13.11.2023 09:24:19.316 GMT-0800,11.863,11.847000000000001,0.012,0.012
13.11.2023 09:24:21.574 GMT-0800,11.874,11.856,0.012,0.012
13.11.2023 09:26:43.669 GMT-0800,11.864,11.846,0.012,0.012
13.11.2023 09:27:01.474 GMT-0800,11.854000000000001,11.835999999999999,0.012,0.012
13.11.2023 09:27:32.493 GMT-0800,11.864,11.835999999999999,0.012,0.012
13.11.2023 09:27:32.544 GMT-0800,11.864,11.846,0.012,0.012
13.11.2023 09:27:48.579 GMT-0800,11.854000000000001,11.835999999999999,0.012,0.012
13.11.2023 09:28:24.784 GMT-0800,11.863,11.847000000000001,0.012,0.012
13.11.2023 09:29:52.389 GMT-0800,11.864,11.835999999999999,0.012,0.012
13.11.2023 09:29:52.440 GMT-0800,11.854000000000001,11.835999999999999,0.012,0.012
13.11.2023 09:30:17.519 GMT-0800,11.844000000000001,11.825999999999999,0.012,0.012
13.11.2023 09:31:06.158 GMT-0800,11.834000000000001,11.815999999999999,0.012,0.012
13.11.2023 09:31:29.371 GMT-0800,11.824000000000002,11.806,0.012,0.012
13.11.2023 09:31:33.554 GMT-0800,11.834000000000001,11.806,0.012,0.012
13.11.2023 09:31:33.605 GMT-0800,11.823,11.807,0.012,0.012
13.11.2023 09:31:34.917 GMT-0800,11.833,11.807,0.012,0.012
13.11.2023 09:31:34.968 GMT-0800,11.833,11.817,0.012,0.012
13.11.2023 09:32:32.340 GMT-0800,11.823,11.807,0.012,0.012
13.11.2023 09:35:31.828 GMT-0800,11.814000000000002,11.796,0.012,0.012
13.11.2023 09:36:34.343 GMT-0800,11.823,11.797,0.012,0.012
13.11.2023 09:36:36.337 GMT-0800,11.823,11.807,0.012,0.012
13.11.2023 09:37:04.261 GMT-0800,11.823,11.797,0.012,0.012
13.11.2023 09:37:04.312 GMT-0800,11.813,11.797,0.012,0.012
13.11.2023 09:37:18.050 GMT-0800,11.824000000000002,11.796,0.012,0.012
13.11.2023 09:37:18.774 GMT-0800,11.823,11.807,0.012,0.012
13.11.2023 09:37:41.275 GMT-0800,11.824000000000002,11.796,0.012,0.012
13.11.2023 09:37:43.743 GMT-0800,11.813,11.797,0.012,0.012
13.11.2023 09:38:50.260 GMT-0800,11.824000000000002,11.806,0.012,0.012
13.11.2023 09:39:15.453 GMT-0800,11.813,11.797,0.012,0.012
13.11.2023 09:41:05.045 GMT-0800,11.814000000000002,11.786,0.012,0.012
13.11.2023 09:41:05.325 GMT-0800,11.814000000000002,11.796,0.012,0.012
13.11.2023 09:41:06.062 GMT-0800,11.804,11.786,0.012,0.012
13.11.2023 09:41:08.951 GMT-0800,11.814000000000002,11.796,0.012,0.012
13.11.2023 09:42:57.034 GMT-0800,11.823,11.797,0.012,0.012
13.11.2023 09:42:57.085 GMT-0800,11.823,11.807,0.012,0.012
13.11.2023 09:45:09.711 GMT-0800,11.823,11.797,0.012,0.012
13.11.2023 09:45:09.762 GMT-0800,11.814000000000002,11.796,0.012,0.012
13.11.2023 09:45:35.657 GMT-0800,11.802999999999999,11.787,0.012,0.012
13.11.2023 09:49:00.300 GMT-0800,11.793,11.777000000000001,0.012,0.012
13.11.2023 09:51:17.722 GMT-0800,11.793,11.767000000000001,0.012,0.012
13.11.2023 09:51:17.773 GMT-0800,11.784,11.766,0.012,0.012
13.11.2023 09:51:18.678 GMT-0800,11.794,11.776,0.012,0.012
13.11.2023 09:51:32.213 GMT-0800,11.784,11.766,0.012,0.012
13.11.2023 09:55:35.579 GMT-0800,11.793,11.777000000000001,0.012,0.012
13.11.2023 09:57:29.377 GMT-0800,11.804,11.786,0.012,0.012
13.11.2023 09:57:58.400 GMT-0800,11.813,11.797,0.012,0.012
13.11.2023 09:58:30.261 GMT-0800,11.824000000000002,11.806,0.012,0.012
13.11.2023 10:05:50.439 GMT-0800,11.824000000000002,11.796,0.012,0.012
13.11.2023 10:05:50.489 GMT-0800,11.813,11.797,0.012,0.012
13.11.2023 10:06:03.990 GMT-0800,11.804,11.786,0.012,0.012
13.11.2023 10:06:18.188 GMT-0800,11.804,11.776,0.012,0.012
13.11.2023 10:06:18.238 GMT-0800,11.793,11.777000000000001,0.012,0.012
13.11.2023 10:07:27.000 GMT-0800,11.804,11.786,0.012,0.012
13.11.2023 10:08:26.989 GMT-0800,11.794,11.776,0.012,0.012
13.11.2023 10:09:05.151 GMT-0800,11.802999999999999,11.787,0.012,0.012
13.11.2023 10:11:34.512 GMT-0800,11.813,11.787,0.012,0.012
13.11.2023 10:11:34.562 GMT-0800,11.814000000000002,11.796,0.012,0.012
13.11.2023 10:14:06.495 GMT-0800,11.824000000000002,11.806,0.012,0.012
13.11.2023 10:14:09.081 GMT-0800,11.814000000000002,11.796,0.012,0.012
13.11.2023 10:17:18.196 GMT-0800,11.823,11.807,0.012,0.012
13.11.2023 10:18:20.305 GMT-0800,11.824000000000002,11.796,0.012,0.012
13.11.2023 10:18:20.355 GMT-0800,11.813,11.797,0.012,0.012
13.11.2023 10:20:17.367 GMT-0800,11.802999999999999,11.787,0.012,0.012
13.11.2023 10:20:53.705 GMT-0800,11.814000000000002,11.796,0.012,0.012
13.11.2023 10:22:05.305 GMT-0800,11.802999999999999,11.787,0.012,0.012
13.11.2023 10:22:29.357 GMT-0800,11.794,11.776,0.012,0.012
13.11.2023 10:23:22.700 GMT-0800,11.804,11.786,0.012,0.012
13.11.2023 10:23:43.611 GMT-0800,11.813,11.787,0.012,0.012
13.11.2023 10:23:43.661 GMT-0800,11.813,11.797,0.012,0.012
13.11.2023 10:23:55.665 GMT-0800,11.804,11.786,0.012,0.012
13.11.2023 10:24:09.842 GMT-0800,11.814000000000002,11.796,0.012,0.012
13.11.2023 10:25:57.290 GMT-0800,11.802999999999999,11.787,0.012,0.012
13.11.2023 10:28:38.380 GMT-0800,11.804,11.776,0.012,0.012
13.11.2023 10:28:38.431 GMT-0800,11.794,11.776,0.012,0.012
13.11.2023 10:28:44.171 GMT-0800,11.804,11.786,0.012,0.012
13.11.2023 10:30:01.988 GMT-0800,11.804,11.776,0.012,0.012
13.11.2023 10:30:02.039 GMT-0800,11.794,11.776,0.012,0.012
13.11.2023 10:32:07.836 GMT-0800,11.783,11.767000000000001,0.012,0.012
13.11.2023 10:32:11.777 GMT-0800,11.794,11.776,0.012,0.012
13.11.2023 10:33:37.663 GMT-0800,11.802999999999999,11.787,0.012,0.012
13.11.2023 10:36:56.368 GMT-0800,11.794,11.776,0.012,0.012
13.11.2023 10:41:30.480 GMT-0800,11.804,11.776,0.012,0.012
13.11.2023 10:41:30.530 GMT-0800,11.802999999999999,11.787,0.012,0.012
13.11.2023 10:42:19.825 GMT-0800,11.814000000000002,11.796,0.012,0.012
13.11.2023 10:43:02.394 GMT-0800,11.824000000000002,11.806,0.012,0.012
13.11.2023 10:47:39.226 GMT-0800,11.834000000000001,11.815999999999999,0.012,0.012
13.11.2023 10:48:44.547 GMT-0800,11.834000000000001,11.806,0.012,0.012
13.11.2023 10:48:44.598 GMT-0800,11.824000000000002,11.806,0.012,0.012
13.11.2023 10:48:45.146 GMT-0800,11.834000000000001,11.806,0.012,0.012
13.11.2023 10:48:45.512 GMT-0800,11.823,11.807,0.012,0.012
13.11.2023 10:48:46.227 GMT-0800,11.834000000000001,11.806,0.012,0.012
13.11.2023 10:48:46.278 GMT-0800,11.833,11.817,0.012,0.012
13.11.2023 10:51:00.544 GMT-0800,11.824000000000002,11.806,0.012,0.012
13.11.2023 10:51:10.314 GMT-0800,11.813,11.797,0.012,0.012
13.11.2023 10:52:17.685 GMT-0800,11.813,11.787,0.012,0.012
13.11.2023 10:52:17.736 GMT-0800,11.804,11.786,0.012,0.012
13.11.2023 10:52:46.726 GMT-0800,11.813,11.787,0.012,0.012
13.11.2023 10:52:46.777 GMT-0800,11.813,11.797,0.012,0.012
13.11.2023 10:54:53.176 GMT-0800,11.813,11.787,0.012,0.012
13.11.2023 10:54:53.227 GMT-0800,11.802999999999999,11.787,0.012,0.012
13.11.2023 10:59:31.676 GMT-0800,11.802999999999999,11.777000000000001,0.012,0.012
13.11.2023 10:59:31.726 GMT-0800,11.793,11.777000000000001,0.012,0.012
13.11.2023 11:00:35.424 GMT-0800,11.804,11.786,0.012,0.012
13.11.2023 11:00:54.989 GMT-0800,11.794,11.776,0.012,0.012
13.11.2023 11:01:02.776 GMT-0800,11.804,11.786,0.012,0.012
13.11.2023 11:05:36.192 GMT-0800,11.804,11.776,0.012,0.012
13.11.2023 11:05:36.243 GMT-0800,11.794,11.776,0.012,0.012
13.11.2023 11:10:15.714 GMT-0800,11.793,11.767000000000001,0.012,0.012
13.11.2023 11:10:15.764 GMT-0800,11.783,11.767000000000001,0.012,0.012
13.11.2023 11:10:22.924 GMT-0800,11.783,11.757000000000001,0.012,0.012
13.11.2023 11:10:23.803 GMT-0800,11.784,11.766,0.012,0.012
13.11.2023 11:16:04.079 GMT-0800,11.784,11.755999999999998,0.012,0.012
13.11.2023 11:16:05.367 GMT-0800,11.784,11.766,0.012,0.012
13.11.2023 11:16:05.994 GMT-0800,11.774000000000001,11.755999999999998,0.012,0.012
13.11.2023 11:17:28.637 GMT-0800,11.783,11.757000000000001,0.012,0.012
13.11.2023 11:17:28.688 GMT-0800,11.784,11.766,0.012,0.012
13.11.2023 11:17:36.924 GMT-0800,11.773,11.757000000000001,0.012,0.012
13.11.2023 11:17:50.534 GMT-0800,11.784,11.766,0.012,0.012
13.11.2023 11:20:46.720 GMT-0800,11.773,11.757000000000001,0.012,0.012
13.11.2023 11:23:22.345 GMT-0800,11.784,11.766,0.012,0.012
13.11.2023 11:24:24.067 GMT-0800,11.793,11.777000000000001,0.012,0.012
13.11.2023 11:31:06.431 GMT-0800,11.783,11.767000000000001,0.012,0.012
13.11.2023 11:33:56.058 GMT-0800,11.793,11.777000000000001,0.012,0.012
13.11.2023 11:35:24.444 GMT-0800,11.802999999999999,11.777000000000001,0.012,0.012
13.11.2023 11:35:24.495 GMT-0800,11.802999999999999,11.787,0.012,0.012
13.11.2023 11:39:39.562 GMT-0800,11.794,11.776,0.012,0.012
13.11.2023 11:47:46.260 GMT-0800,11.784,11.766,0.012,0.012
13.11.2023 11:50:17.271 GMT-0800,11.783,11.757000000000001,0.012,0.012
13.11.2023 11:50:17.321 GMT-0800,11.773,11.757000000000001,0.012,0.012
13.11.2023 11:50:17.594 GMT-0800,11.783,11.767000000000001,0.012,0.012
13.11.2023 11:51:18.046 GMT-0800,11.773,11.757000000000001,0.012,0.012
13.11.2023 11:53:35.378 GMT-0800,11.763,11.747,0.012,0.012
13.11.2023 11:56:15.116 GMT-0800,11.773,11.747,0.012,0.012
13.11.2023 11:56:15.166 GMT-0800,11.773,11.757000000000001,0.012,0.012
13.11.2023 11:56:20.917 GMT-0800,11.763,11.747,0.012,0.012
13.11.2023 12:01:05.821 GMT-0800,11.773,11.757000000000001,0.012,0.012
13.11.2023 12:02:07.442 GMT-0800,11.784,11.755999999999998,0.012,0.012
13.11.2023 12:02:07.492 GMT-0800,11.783,11.767000000000001,0.012,0.012
13.11.2023 12:02:33.546 GMT-0800,11.783,11.757000000000001,0.012,0.012
13.11.2023 12:02:33.597 GMT-0800,11.774000000000001,11.755999999999998,0.012,0.012
13.11.2023 12:06:28.275 GMT-0800,11.764000000000001,11.745999999999999,0.012,0.012
13.11.2023 12:09:35.406 GMT-0800,11.754000000000001,11.735999999999999,0.012,0.012
13.11.2023 12:10:18.251 GMT-0800,11.764000000000001,11.745999999999999,0.012,0.012
13.11.2023 12:11:33.529 GMT-0800,11.773,11.747,0.012,0.012
13.11.2023 12:11:33.579 GMT-0800,11.773,11.757000000000001,0.012,0.012
13.11.2023 12:20:10.595 GMT-0800,11.783,11.767000000000001,0.012,0.012
13.11.2023 12:20:13.024 GMT-0800,11.773,11.757000000000001,0.012,0.012
13.11.2023 12:22:10.599 GMT-0800,11.763,11.747,0.012,0.012
13.11.2023 12:30:20.005 GMT-0800,11.753,11.737,0.012,0.012
13.11.2023 12:32:03.987 GMT-0800,11.763,11.737,0.012,0.012
13.11.2023 12:32:04.037 GMT-0800,11.764000000000001,11.745999999999999,0.012,0.012
13.11.2023 12:34:06.892 GMT-0800,11.773,11.747,0.012,0.012
13.11.2023 12:34:06.942 GMT-0800,11.774000000000001,11.755999999999998,0.012,0.012
13.11.2023 12:36:01.143 GMT-0800,11.783,11.767000000000001,0.012,0.012
13.11.2023 12:38:34.289 GMT-0800,11.794,11.776,0.012,0.012
13.11.2023 12:48:37.108 GMT-0800,11.793,11.767000000000001,0.012,0.012
13.11.2023 12:48:37.159 GMT-0800,11.783,11.767000000000001,0.012,0.012
13.11.2023 12:49:40.537 GMT-0800,11.793,11.767000000000001,0.012,0.012
13.11.2023 12:49:40.588 GMT-0800,11.793,11.777000000000001,0.012,0.012
13.11.2023 12:50:00.400 GMT-0800,11.804,11.776,0.012,0.012
13.11.2023 12:50:00.450 GMT-0800,11.804,11.786,0.012,0.012
13.11.2023 12:50:38.698 GMT-0800,11.793,11.777000000000001,0.012,0.012
13.11.2023 12:51:52.519 GMT-0800,11.783,11.767000000000001,0.012,0.012
13.11.2023 12:53:00.578 GMT-0800,11.773,11.757000000000001,0.012,0.012
13.11.2023 12:54:50.258 GMT-0800,11.784,11.755999999999998,0.012,0.012
13.11.2023 12:54:50.361 GMT-0800,11.784,11.766,0.012,0.012