Local time,Ask,Bid,AskVolume,BidVolume
13.11.2023 06:30:01.472 GMT-0800,142.093,142.05700000000002,0.0012,0.0012
13.11.2023 06:30:01.911 GMT-0800,142.104,142.066,0.0012,0.0012
13.11.2023 06:30:02.012 GMT-0800,142.104,142.076,0.0012,0.0012
13.11.2023 06:30:02.113 GMT-0800,142.093,142.077,0.0012,0.0012
13.11.2023 06:30:02.163 GMT-0800,142.104,142.076,0.0012,0.0012
13.11.2023 06:30:02.380 GMT-0800,142.16299999999998,142.077,0.0012,0.0012
13.11.2023 06:30:02.486 GMT-0800,142.133,142.08700000000002,0.0012,0.0012
13.11.2023 06:30:02.536 GMT-0800,142.083,142.05700000000002,0.0012,0.0012
13.11.2023 06:30:02.587 GMT-0800,142.093,142.05700000000002,0.0012,0.0012
13.11.2023 06:30:02.637 GMT-0800,142.083,142.05700000000002,0.0012,0.0012
13.11.2023 06:30:02.738 GMT-0800,142.113,142.077,0.0012,0.0012
13.11.2023 06:30:02.839 GMT-0800,142.134,142.096,0.0012,0.0012
13.11.2023 06:30:02.889 GMT-0800,142.154,142.086,0.0012,0.0012
13.11.2023 06:30:02.940 GMT-0800,142.164,142.086,0.0012,0.0012
13.11.2023 06:30:02.990 GMT-0800,142.124,142.086,0.0012,0.0012
13.11.2023 06:30:03.041 GMT-0800,142.123,142.077,0.0012,0.0012
13.11.2023 06:30:03.242 GMT-0800,142.104,142.066,0.0012,0.0012
13.11.2023 06:30:03.293 GMT-0800,142.083,142.037,0.0012,0.0012
13.11.2023 06:30:03.343 GMT-0800,142.024,141.996,0.0012,0.0012
13.11.2023 06:30:03.399 GMT-0800,141.993,141.977,0.0012,0.0012
13.11.2023 06:30:03.449 GMT-0800,141.963,141.917,0.0012,0.0012
13.11.2023 06:30:03.501 GMT-0800,141.963,141.89700000000002,0.0012,0.0012
13.11.2023 06:30:03.552 GMT-0800,141.934,141.886,0.0012,0.0012
13.11.2023 06:30:03.613 GMT-0800,141.944,141.886,0.0012,0.0012
13.11.2023 06:30:03.664 GMT-0800,141.954,141.886,0.0012,0.0012
13.11.2023 06:30:03.714 GMT-0800,141.903,141.857,0.0012,0.0012
13.11.2023 06:30:03.765 GMT-0800,141.864,141.806,0.0012,0.0012
13.11.2023 06:30:04.029 GMT-0800,141.893,141.827,0.0012,0.0012
13.11.2023 06:30:04.080 GMT-0800,141.934,141.886,0.0012,0.0012
13.11.2023 06:30:04.195 GMT-0800,141.954,141.916,0.0012,0.0012
13.11.2023 06:30:04.296 GMT-0800,141.963,141.89700000000002,0.0012,0.0012
13.11.2023 06:30:04.396 GMT-0800,141.983,141.917,0.0012,0.0012
13.11.2023 06:30:04.497 GMT-0800,141.97299999999998,141.917,0.0012,0.0012
13.11.2023 06:30:04.548 GMT-0800,141.984,141.916,0.0012,0.0012
13.11.2023 06:30:04.666 GMT-0800,141.97299999999998,141.917,0.0012,0.0012
13.11.2023 06:30:04.720 GMT-0800,141.984,141.916,0.0012,0.0012
13.11.2023 06:30:04.772 GMT-0800,141.974,141.916,0.0012,0.0012
13.11.2023 06:30:04.872 GMT-0800,141.984,141.916,0.0012,0.0012
13.11.2023 06:30:04.923 GMT-0800,141.97299999999998,141.92700000000002,0.0012,0.0012
13.11.2023 06:30:04.973 GMT-0800,142.003,141.937,0.0012,0.0012
13.11.2023 06:30:05.074 GMT-0800,141.994,141.936,0.0012,0.0012
13.11.2023 06:30:05.218 GMT-0800,141.953,141.887,0.0012,0.0012
13.11.2023 06:30:05.269 GMT-0800,141.974,141.92600000000002,0.0012,0.0012
13.11.2023 06:30:05.589 GMT-0800,141.993,141.95700000000002,0.0012,0.0012
13.11.2023 06:30:05.640 GMT-0800,141.994,141.946,0.0012,0.0012
13.11.2023 06:30:05.691 GMT-0800,142.003,141.947,0.0012,0.0012
13.11.2023 06:30:05.745 GMT-0800,142.024,141.95600000000002,0.0012,0.0012
13.11.2023 06:30:05.796 GMT-0800,142.003,141.95700000000002,0.0012,0.0012
13.11.2023 06:30:05.897 GMT-0800,141.974,141.92600000000002,0.0012,0.0012
13.11.2023 06:30:06.207 GMT-0800,142.004,141.946,0.0012,0.0012
13.11.2023 06:30:06.388 GMT-0800,141.993,141.947,0.0012,0.0012
13.11.2023 06:30:06.567 GMT-0800,141.983,141.937,0.0012,0.0012
13.11.2023 06:30:06.668 GMT-0800,141.933,141.887,0.0012,0.0012
13.11.2023 06:30:06.795 GMT-0800,141.964,141.906,0.0012,0.0012
13.11.2023 06:30:06.944 GMT-0800,141.963,141.917,0.0012,0.0012
13.11.2023 06:30:06.997 GMT-0800,141.983,141.917,0.0012,0.0012
13.11.2023 06:30:07.120 GMT-0800,141.983,141.92700000000002,0.0012,0.0012
13.11.2023 06:30:07.240 GMT-0800,141.974,141.916,0.0012,0.0012
13.11.2023 06:30:07.290 GMT-0800,141.983,141.917,0.0012,0.0012
13.11.2023 06:30:07.411 GMT-0800,141.983,141.92700000000002,0.0012,0.0012
13.11.2023 06:30:07.481 GMT-0800,141.983,141.917,0.0012,0.0012
13.11.2023 06:30:07.615 GMT-0800,141.97299999999998,141.917,0.0012,0.0012
13.11.2023 06:30:07.666 GMT-0800,141.91299999999998,141.877,0.0012,0.0012
13.11.2023 06:30:07.716 GMT-0800,141.953,141.877,0.0012,0.0012
13.11.2023 06:30:07.795 GMT-0800,141.953,141.857,0.0012,0.0012
13.11.2023 06:30:07.894 GMT-0800,141.954,141.846,0.0012,0.0012
13.11.2023 06:30:07.944 GMT-0800,141.873,141.80700000000002,0.0012,0.0012
13.11.2023 06:30:08.060 GMT-0800,141.864,141.806,0.0012,0.0012
13.11.2023 06:30:08.110 GMT-0800,141.854,141.786,0.0012,0.0012
13.11.2023 06:30:08.363 GMT-0800,141.853,141.80700000000002,0.0012,0.0012
13.11.2023 06:30:08.593 GMT-0800,141.854,141.786,0.0012,0.0012
13.11.2023 06:30:08.644 GMT-0800,141.843,141.787,0.0012,0.0012
13.11.2023 06:30:08.694 GMT-0800,141.854,141.786,0.0012,0.0012
13.11.2023 06:30:08.812 GMT-0800,141.843,141.787,0.0012,0.0012
13.11.2023 06:30:08.874 GMT-0800,141.853,141.787,0.0012,0.0012
13.11.2023 06:30:08.972 GMT-0800,141.854,141.816,0.0012,0.0012
13.11.2023 06:30:09.120 GMT-0800,141.853,141.80700000000002,0.0012,0.0012
13.11.2023 06:30:09.331 GMT-0800,141.823,141.80700000000002,0.0012,0.0012
13.11.2023 06:30:09.446 GMT-0800,141.814,141.776,0.0012,0.0012
13.11.2023 06:30:09.496 GMT-0800,141.803,141.76700000000002,0.0012,0.0012
13.11.2023 06:30:09.589 GMT-0800,141.823,141.76700000000002,0.0012,0.0012
13.11.2023 06:30:09.713 GMT-0800,141.823,141.77700000000002,0.0012,0.0012
13.11.2023 06:30:09.874 GMT-0800,141.824,141.79600000000002,0.0012,0.0012
13.11.2023 06:30:10.027 GMT-0800,141.793,141.727,0.0012,0.0012
13.11.2023 06:30:10.077 GMT-0800,141.783,141.727,0.0012,0.0012
13.11.2023 06:30:10.128 GMT-0800,141.793,141.727,0.0012,0.0012
13.11.2023 06:30:10.195 GMT-0800,141.783,141.727,0.0012,0.0012
13.11.2023 06:30:10.261 GMT-0800,141.794,141.726,0.0012,0.0012
13.11.2023 06:30:10.436 GMT-0800,141.784,141.726,0.0012,0.0012
13.11.2023 06:30:10.546 GMT-0800,141.794,141.726,0.0012,0.0012
13.11.2023 06:30:10.596 GMT-0800,141.804,141.746,0.0012,0.0012
13.11.2023 06:30:10.697 GMT-0800,141.793,141.747,0.0012,0.0012
13.11.2023 06:30:10.780 GMT-0800,141.804,141.746,0.0012,0.0012
13.11.2023 06:30:10.890 GMT-0800,141.803,141.727,0.0012,0.0012
13.11.2023 06:30:11.322 GMT-0800,141.744,141.716,0.0012,0.0012
13.11.2023 06:30:11.434 GMT-0800,141.803,141.747,0.0012,0.0012
13.11.2023 06:30:12.249 GMT-0800,141.803,141.757,0.0012,0.0012
13.11.2023 06:30:12.350 GMT-0800,141.814,141.79600000000002,0.0012,0.0012
13.11.2023 06:30:12.826 GMT-0800,141.853,141.80700000000002,0.0012,0.0012
13.11.2023 06:30:12.927 GMT-0800,141.843,141.817,0.0012,0.0012
13.11.2023 06:30:12.978 GMT-0800,141.854,141.816,0.0012,0.0012
13.11.2023 06:30:13.085 GMT-0800,141.954,141.826,0.0012,0.0012
13.11.2023 06:30:13.135 GMT-0800,141.933,141.827,0.0012,0.0012
13.11.2023 06:30:13.236 GMT-0800,141.923,141.887,0.0012,0.0012
13.11.2023 06:30:13.337 GMT-0800,141.933,141.877,0.0012,0.0012
13.11.2023 06:30:13.388 GMT-0800,141.91299999999998,141.86700000000002,0.0012,0.0012
13.11.2023 06:30:13.438 GMT-0800,141.933,141.86700000000002,0.0012,0.0012
13.11.2023 06:30:13.489 GMT-0800,141.914,141.866,0.0012,0.0012
13.11.2023 06:30:13.841 GMT-0800,141.953,141.887,0.0012,0.0012
13.11.2023 06:30:13.943 GMT-0800,141.94299999999998,141.89700000000002,0.0012,0.0012
13.11.2023 06:30:13.993 GMT-0800,141.944,141.886,0.0012,0.0012
13.11.2023 06:30:14.117 GMT-0800,141.934,141.886,0.0012,0.0012
13.11.2023 06:30:14.188 GMT-0800,141.94299999999998,141.887,0.0012,0.0012
13.11.2023 06:30:14.366 GMT-0800,141.94299999999998,141.89700000000002,0.0012,0.0012
13.11.2023 06:30:14.459 GMT-0800,141.974,141.89600000000002,0.0012,0.0012
13.11.2023 06:30:14.565 GMT-0800,141.974,141.906,0.0012,0.0012
13.11.2023 06:30:15.067 GMT-0800,141.964,141.906,0.0012,0.0012
13.11.2023 06:30:15.171 GMT-0800,141.97299999999998,141.917,0.0012,0.0012
13.11.2023 06:30:15.272 GMT-0800,141.993,141.95700000000002,0.0012,0.0012
13.11.2023 06:30:15.323 GMT-0800,142.004,141.95600000000002,0.0012,0.0012
13.11.2023 06:30:15.373 GMT-0800,141.983,141.95700000000002,0.0012,0.0012
13.11.2023 06:30:15.424 GMT-0800,142.003,141.95700000000002,0.0012,0.0012
13.11.2023 06:30:15.484 GMT-0800,141.994,141.95600000000002,0.0012,0.0012
13.11.2023 06:30:15.535 GMT-0800,142.003,141.95700000000002,0.0012,0.0012
13.11.2023 06:30:15.585 GMT-0800,141.993,141.95700000000002,0.0012,0.0012
13.11.2023 06:30:15.636 GMT-0800,141.994,141.946,0.0012,0.0012
13.11.2023 06:30:15.780 GMT-0800,141.993,141.92700000000002,0.0012,0.0012
13.11.2023 06:30:16.159 GMT-0800,141.97299999999998,141.917,0.0012,0.0012
13.11.2023 06:30:16.621 GMT-0800,141.94299999999998,141.917,0.0012,0.0012
13.11.2023 06:30:16.672 GMT-0800,141.954,141.89600000000002,0.0012,0.0012
13.11.2023 06:30:16.723 GMT-0800,141.97299999999998,141.907,0.0012,0.0012
13.11.2023 06:30:16.809 GMT-0800,141.97299999999998,141.89700000000002,0.0012,0.0012
13.11.2023 06:30:16.936 GMT-0800,141.974,141.906,0.0012,0.0012
13.11.2023 06:30:17.037 GMT-0800,141.904,141.846,0.0012,0.0012
13.11.2023 06:30:17.415 GMT-0800,141.91299999999998,141.86700000000002,0.0012,0.0012
13.11.2023 06:30:17.566 GMT-0800,141.933,141.877,0.0012,0.0012
13.11.2023 06:30:17.667 GMT-0800,141.954,141.876,0.0012,0.0012
13.11.2023 06:30:17.717 GMT-0800,141.984,141.916,0.0012,0.0012
13.11.2023 06:30:17.827 GMT-0800,142.013,141.917,0.0012,0.0012
13.11.2023 06:30:17.877 GMT-0800,141.984,141.916,0.0012,0.0012
13.11.2023 06:30:17.928 GMT-0800,141.993,141.917,0.0012,0.0012
13.11.2023 06:30:17.979 GMT-0800,142.013,141.917,0.0012,0.0012
13.11.2023 06:30:18.171 GMT-0800,141.984,141.916,0.0012,0.0012
13.11.2023 06:30:18.223 GMT-0800,142.013,141.917,0.0012,0.0012
13.11.2023 06:30:18.534 GMT-0800,141.974,141.916,0.0012,0.0012
13.11.2023 06:30:18.723 GMT-0800,141.964,141.916,0.0012,0.0012
13.11.2023 06:30:18.774 GMT-0800,141.974,141.916,0.0012,0.0012
13.11.2023 06:30:19.038 GMT-0800,141.97299999999998,141.907,0.0012,0.0012
13.11.2023 06:30:19.088 GMT-0800,141.953,141.907,0.0012,0.0012
13.11.2023 06:30:19.379 GMT-0800,141.964,141.916,0.0012,0.0012
13.11.2023 06:30:19.480 GMT-0800,141.94299999999998,141.907,0.0012,0.0012
13.11.2023 06:30:19.581 GMT-0800,141.944,141.916,0.0012,0.0012
13.11.2023 06:30:20.030 GMT-0800,141.94299999999998,141.907,0.0012,0.0012
13.11.2023 06:30:20.367 GMT-0800,141.984,141.946,0.0012,0.0012
13.11.2023 06:30:20.418 GMT-0800,142.004,141.95600000000002,0.0012,0.0012
13.11.2023 06:30:20.581 GMT-0800,141.984,141.95600000000002,0.0012,0.0012
13.11.2023 06:30:20.632 GMT-0800,142.013,141.95700000000002,0.0012,0.0012
13.11.2023 06:30:20.682 GMT-0800,141.993,141.95700000000002,0.0012,0.0012
13.11.2023 06:30:20.733 GMT-0800,142.014,141.95600000000002,0.0012,0.0012
13.11.2023 06:30:20.889 GMT-0800,142.013,141.947,0.0012,0.0012
13.11.2023 06:30:21.255 GMT-0800,141.993,141.947,0.0012,0.0012
13.11.2023 06:30:21.380 GMT-0800,142.014,141.946,0.0012,0.0012
13.11.2023 06:30:21.581 GMT-0800,141.993,141.947,0.0012,0.0012
13.11.2023 06:30:21.727 GMT-0800,142.014,141.946,0.0012,0.0012
13.11.2023 06:30:21.778 GMT-0800,141.994,141.946,0.0012,0.0012
13.11.2023 06:30:21.828 GMT-0800,142.013,141.947,0.0012,0.0012
13.11.2023 06:30:21.879 GMT-0800,141.984,141.95600000000002,0.0012,0.0012
13.11.2023 06:30:21.930 GMT-0800,141.984,141.936,0.0012,0.0012
13.11.2023 06:30:22.031 GMT-0800,141.963,141.937,0.0012,0.0012
13.11.2023 06:30:22.081 GMT-0800,141.994,141.936,0.0012,0.0012
13.11.2023 06:30:22.132 GMT-0800,141.993,141.917,0.0012,0.0012
13.11.2023 06:30:22.295 GMT-0800,142.004,141.95600000000002,0.0012,0.0012
13.11.2023 06:30:22.346 GMT-0800,142.004,141.946,0.0012,0.0012
13.11.2023 06:30:22.496 GMT-0800,141.983,141.947,0.0012,0.0012
13.11.2023 06:30:22.546 GMT-0800,141.993,141.937,0.0012,0.0012
13.11.2023 06:30:22.597 GMT-0800,142.003,141.937,0.0012,0.0012
13.11.2023 06:30:22.778 GMT-0800,141.993,141.937,0.0012,0.0012
13.11.2023 06:30:22.829 GMT-0800,142.014,141.936,0.0012,0.0012
13.11.2023 06:30:23.131 GMT-0800,141.984,141.936,0.0012,0.0012
13.11.2023 06:30:23.181 GMT-0800,141.993,141.937,0.0012,0.0012
13.11.2023 06:30:23.232 GMT-0800,142.014,141.936,0.0012,0.0012
13.11.2023 06:30:23.338 GMT-0800,141.984,141.936,0.0012,0.0012
13.11.2023 06:30:23.389 GMT-0800,141.994,141.936,0.0012,0.0012
13.11.2023 06:30:23.490 GMT-0800,141.983,141.947,0.0012,0.0012
13.11.2023 06:30:23.540 GMT-0800,142.013,141.95700000000002,0.0012,0.0012
13.11.2023 06:30:23.591 GMT-0800,142.004,141.95600000000002,0.0012,0.0012
13.11.2023 06:30:23.641 GMT-0800,142.014,141.95600000000002,0.0012,0.0012
13.11.2023 06:30:23.692 GMT-0800,142.004,141.95600000000002,0.0012,0.0012
13.11.2023 06:30:23.907 GMT-0800,142.013,141.95700000000002,0.0012,0.0012
13.11.2023 06:30:23.958 GMT-0800,142.004,141.95600000000002,0.0012,0.0012
13.11.2023 06:30:24.076 GMT-0800,142.003,141.967,0.0012,0.0012
13.11.2023 06:30:24.561 GMT-0800,142.014,141.966,0.0012,0.0012
13.11.2023 06:30:24.960 GMT-0800,142.003,141.967,0.0012,0.0012
13.11.2023 06:30:25.098 GMT-0800,142.024,141.976,0.0012,0.0012
13.11.2023 06:30:25.149 GMT-0800,141.983,141.947,0.0012,0.0012
13.11.2023 06:30:25.199 GMT-0800,141.994,141.936,0.0012,0.0012
13.11.2023 06:30:25.405 GMT-0800,141.97299999999998,141.937,0.0012,0.0012
13.11.2023 06:30:25.914 GMT-0800,141.963,141.937,0.0012,0.0012
13.11.2023 06:30:26.754 GMT-0800,141.963,141.92700000000002,0.0012,0.0012
13.11.2023 06:30:26.847 GMT-0800,142.013,141.937,0.0012,0.0012
13.11.2023 06:30:27.061 GMT-0800,141.994,141.936,0.0012,0.0012
13.11.2023 06:30:27.209 GMT-0800,142.014,141.936,0.0012,0.0012
13.11.2023 06:30:27.683 GMT-0800,141.994,141.946,0.0012,0.0012
13.11.2023 06:30:27.797 GMT-0800,142.013,141.95700000000002,0.0012,0.0012
13.11.2023 06:30:27.847 GMT-0800,142.024,141.966,0.0012,0.0012
13.11.2023 06:30:27.991 GMT-0800,142.004,141.976,0.0012,0.0012
13.11.2023 06:30:28.084 GMT-0800,142.023,141.98700000000002,0.0012,0.0012
13.11.2023 06:30:28.135 GMT-0800,142.023,141.977,0.0012,0.0012
13.11.2023 06:30:28.251 GMT-0800,142.013,141.977,0.0012,0.0012
13.11.2023 06:30:28.302 GMT-0800,142.023,141.977,0.0012,0.0012
13.11.2023 06:30:28.352 GMT-0800,142.003,141.977,0.0012,0.0012
13.11.2023 06:30:28.617 GMT-0800,142.014,141.976,0.0012,0.0012
13.11.2023 06:30:29.426 GMT-0800,142.004,141.976,0.0012,0.0012
13.11.2023 06:30:29.533 GMT-0800,142.013,141.977,0.0012,0.0012
13.11.2023 06:30:29.861 GMT-0800,142.004,141.976,0.0012,0.0012
13.11.2023 06:30:29.911 GMT-0800,142.024,141.976,0.0012,0.0012
13.11.2023 06:30:30.570 GMT-0800,142.014,141.976,0.0012,0.0012
13.11.2023 06:30:30.620 GMT-0800,142.023,141.977,0.0012,0.0012
13.11.2023 06:30:30.835 GMT-0800,142.024,141.98600000000002,0.0012,0.0012
13.11.2023 06:30:30.885 GMT-0800,142.024,141.976,0.0012,0.0012
13.11.2023 06:30:30.962 GMT-0800,142.014,141.976,0.0012,0.0012
13.11.2023 06:30:31.013 GMT-0800,142.024,141.976,0.0012,0.0012
13.11.2023 06:30:31.064 GMT-0800,142.014,141.976,0.0012,0.0012
13.11.2023 06:30:31.114 GMT-0800,142.023,141.977,0.0012,0.0012
13.11.2023 06:30:31.519 GMT-0800,142.044,141.98600000000002,0.0012,0.0012
13.11.2023 06:30:31.625 GMT-0800,142.024,141.976,0.0012,0.0012
13.11.2023 06:30:31.742 GMT-0800,142.034,141.976,0.0012,0.0012
13.11.2023 06:30:32.324 GMT-0800,142.003,141.977,0.0012,0.0012
13.11.2023 06:30:32.376 GMT-0800,142.033,141.977,0.0012,0.0012
13.11.2023 06:30:32.837 GMT-0800,142.013,141.977,0.0012,0.0012
13.11.2023 06:30:32.910 GMT-0800,142.033,141.977,0.0012,0.0012
13.11.2023 06:30:33.420 GMT-0800,142.023,141.977,0.0012,0.0012
13.11.2023 06:30:33.940 GMT-0800,142.013,141.977,0.0012,0.0012
13.11.2023 06:30:34.041 GMT-0800,141.994,141.976,0.0012,0.0012
13.11.2023 06:30:34.187 GMT-0800,141.983,141.947,0.0012,0.0012
13.11.2023 06:30:34.238 GMT-0800,141.984,141.936,0.0012,0.0012
13.11.2023 06:30:34.339 GMT-0800,141.993,141.937,0.0012,0.0012
13.11.2023 06:30:34.541 GMT-0800,141.993,141.92700000000002,0.0012,0.0012
13.11.2023 06:30:34.592 GMT-0800,141.933,141.89700000000002,0.0012,0.0012
13.11.2023 06:30:34.760 GMT-0800,141.944,141.89600000000002,0.0012,0.0012
13.11.2023 06:30:34.860 GMT-0800,141.933,141.89700000000002,0.0012,0.0012
13.11.2023 06:30:34.943 GMT-0800,141.944,141.89600000000002,0.0012,0.0012
13.11.2023 06:30:35.065 GMT-0800,141.933,141.89700000000002,0.0012,0.0012
13.11.2023 06:30:35.115 GMT-0800,141.91299999999998,141.86700000000002,0.0012,0.0012
13.11.2023 06:30:35.166 GMT-0800,141.934,141.866,0.0012,0.0012
13.11.2023 06:30:35.307 GMT-0800,141.934,141.856,0.0012,0.0012
13.11.2023 06:30:35.358 GMT-0800,141.903,141.857,0.0012,0.0012
13.11.2023 06:30:35.408 GMT-0800,141.933,141.857,0.0012,0.0012
13.11.2023 06:30:35.804 GMT-0800,141.904,141.856,0.0012,0.0012
13.11.2023 06:30:36.232 GMT-0800,141.884,141.826,0.0012,0.0012
13.11.2023 06:30:36.283 GMT-0800,141.893,141.827,0.0012,0.0012
13.11.2023 06:30:36.333 GMT-0800,141.873,141.827,0.0012,0.0012
13.11.2023 06:30:36.493 GMT-0800,141.864,141.826,0.0012,0.0012
13.11.2023 06:30:36.544 GMT-0800,141.874,141.826,0.0012,0.0012
13.11.2023 06:30:36.626 GMT-0800,141.874,141.836,0.0012,0.0012
13.11.2023 06:30:36.938 GMT-0800,141.863,141.83700000000002,0.0012,0.0012
13.11.2023 06:30:36.989 GMT-0800,141.863,141.80700000000002,0.0012,0.0012
13.11.2023 06:30:37.078 GMT-0800,141.873,141.80700000000002,0.0012,0.0012
13.11.2023 06:30:37.129 GMT-0800,141.863,141.80700000000002,0.0012,0.0012
13.11.2023 06:30:37.230 GMT-0800,141.873,141.827,0.0012,0.0012
13.11.2023 06:30:37.280 GMT-0800,141.873,141.80700000000002,0.0012,0.0012
13.11.2023 06:30:37.491 GMT-0800,141.853,141.80700000000002,0.0012,0.0012
13.11.2023 06:30:37.542 GMT-0800,141.874,141.806,0.0012,0.0012
13.11.2023 06:30:37.792 GMT-0800,141.853,141.80700000000002,0.0012,0.0012
13.11.2023 06:30:37.908 GMT-0800,141.844,141.806,0.0012,0.0012
13.11.2023 06:30:38.009 GMT-0800,141.874,141.806,0.0012,0.0012
13.11.2023 06:30:38.137 GMT-0800,141.843,141.80700000000002,0.0012,0.0012
13.11.2023 06:30:38.240 GMT-0800,141.854,141.806,0.0012,0.0012
13.11.2023 06:30:38.290 GMT-0800,141.843,141.80700000000002,0.0012,0.0012
13.11.2023 06:30:38.341 GMT-0800,141.874,141.806,0.0012,0.0012
13.11.2023 06:30:38.392 GMT-0800,141.843,141.80700000000002,0.0012,0.0012
13.11.2023 06:30:38.493 GMT-0800,141.843,141.817,0.0012,0.0012
13.11.2023 06:30:38.543 GMT-0800,141.873,141.827,0.0012,0.0012
13.11.2023 06:30:38.681 GMT-0800,141.873,141.83700000000002,0.0012,0.0012
13.11.2023 06:30:39.172 GMT-0800,141.863,141.827,0.0012,0.0012
13.11.2023 06:30:39.273 GMT-0800,141.853,141.817,0.0012,0.0012
13.11.2023 06:30:39.324 GMT-0800,141.853,141.787,0.0012,0.0012
13.11.2023 06:30:39.427 GMT-0800,141.873,141.787,0.0012,0.0012
13.11.2023 06:30:39.569 GMT-0800,141.864,141.786,0.0012,0.0012
13.11.2023 06:30:39.670 GMT-0800,141.874,141.786,0.0012,0.0012
13.11.2023 06:30:39.720 GMT-0800,141.853,141.787,0.0012,0.0012
13.11.2023 06:30:39.771 GMT-0800,141.863,141.787,0.0012,0.0012
13.11.2023 06:30:39.890 GMT-0800,141.884,141.846,0.0012,0.0012
13.11.2023 06:30:39.991 GMT-0800,141.903,141.86700000000002,0.0012,0.0012
13.11.2023 06:30:40.041 GMT-0800,141.893,141.847,0.0012,0.0012
13.11.2023 06:30:40.142 GMT-0800,141.873,141.827,0.0012,0.0012
13.11.2023 06:30:40.245 GMT-0800,141.894,141.826,0.0012,0.0012
13.11.2023 06:30:40.295 GMT-0800,141.863,141.80700000000002,0.0012,0.0012
13.11.2023 06:30:40.346 GMT-0800,141.873,141.80700000000002,0.0012,0.0012
13.11.2023 06:30:40.585 GMT-0800,141.873,141.827,0.0012,0.0012
13.11.2023 06:30:40.686 GMT-0800,141.863,141.80700000000002,0.0012,0.0012
13.11.2023 06:30:40.736 GMT-0800,141.874,141.836,0.0012,0.0012
13.11.2023 06:30:40.787 GMT-0800,141.873,141.80700000000002,0.0012,0.0012
13.11.2023 06:30:40.896 GMT-0800,141.893,141.847,0.0012,0.0012
13.11.2023 06:30:40.997 GMT-0800,141.934,141.886,0.0012,0.0012
13.11.2023 06:30:41.048 GMT-0800,141.934,141.866,0.0012,0.0012
13.11.2023 06:30:41.098 GMT-0800,141.894,141.856,0.0012,0.0012
13.11.2023 06:30:41.149 GMT-0800,141.934,141.866,0.0012,0.0012
13.11.2023 06:30:41.250 GMT-0800,141.894,141.856,0.0012,0.0012
13.11.2023 06:30:41.345 GMT-0800,141.934,141.856,0.0012,0.0012
13.11.2023 06:30:41.554 GMT-0800,141.903,141.857,0.0012,0.0012
13.11.2023 06:30:41.643 GMT-0800,141.934,141.856,0.0012,0.0012
13.11.2023 06:30:41.929 GMT-0800,141.904,141.856,0.0012,0.0012
13.11.2023 06:30:41.979 GMT-0800,141.934,141.856,0.0012,0.0012
13.11.2023 06:30:42.100 GMT-0800,141.934,141.866,0.0012,0.0012
13.11.2023 06:30:42.151 GMT-0800,141.933,141.857,0.0012,0.0012
13.11.2023 06:30:42.266 GMT-0800,141.933,141.86700000000002,0.0012,0.0012
13.11.2023 06:30:42.372 GMT-0800,141.934,141.836,0.0012,0.0012
13.11.2023 06:30:42.472 GMT-0800,141.933,141.857,0.0012,0.0012
13.11.2023 06:30:42.539 GMT-0800,141.934,141.846,0.0012,0.0012
13.11.2023 06:30:42.641 GMT-0800,141.934,141.886,0.0012,0.0012
13.11.2023 06:30:42.792 GMT-0800,141.933,141.877,0.0012,0.0012
13.11.2023 06:30:42.893 GMT-0800,141.934,141.866,0.0012,0.0012
13.11.2023 06:30:43.124 GMT-0800,141.933,141.877,0.0012,0.0012
13.11.2023 06:30:43.395 GMT-0800,141.894,141.836,0.0012,0.0012
13.11.2023 06:30:43.598 GMT-0800,141.884,141.836,0.0012,0.0012
13.11.2023 06:30:43.699 GMT-0800,141.864,141.826,0.0012,0.0012
13.11.2023 06:30:43.809 GMT-0800,141.863,141.80700000000002,0.0012,0.0012
13.11.2023 06:30:43.860 GMT-0800,141.864,141.826,0.0012,0.0012
13.11.2023 06:30:43.936 GMT-0800,141.863,141.80700000000002,0.0012,0.0012
13.11.2023 06:30:44.396 GMT-0800,141.863,141.817,0.0012,0.0012
13.11.2023 06:30:44.497 GMT-0800,141.863,141.827,0.0012,0.0012
13.11.2023 06:30:44.547 GMT-0800,141.863,141.817,0.0012,0.0012
13.11.2023 06:30:44.598 GMT-0800,141.864,141.826,0.0012,0.0012
13.11.2023 06:30:44.648 GMT-0800,141.864,141.79600000000002,0.0012,0.0012
13.11.2023 06:30:44.729 GMT-0800,141.864,141.806,0.0012,0.0012
13.11.2023 06:30:45.320 GMT-0800,141.874,141.826,0.0012,0.0012
13.11.2023 06:30:45.551 GMT-0800,141.854,141.826,0.0012,0.0012
13.11.2023 06:30:45.602 GMT-0800,141.874,141.816,0.0012,0.0012
13.11.2023 06:30:45.652 GMT-0800,141.863,141.817,0.0012,0.0012
13.11.2023 06:30:45.703 GMT-0800,141.874,141.816,0.0012,0.0012
13.11.2023 06:30:45.765 GMT-0800,141.894,141.836,0.0012,0.0012
13.11.2023 06:30:45.866 GMT-0800,141.883,141.83700000000002,0.0012,0.0012
13.11.2023 06:30:45.966 GMT-0800,141.893,141.83700000000002,0.0012,0.0012
13.11.2023 06:30:46.067 GMT-0800,141.894,141.846,0.0012,0.0012
13.11.2023 06:30:46.118 GMT-0800,141.914,141.846,0.0012,0.0012
13.11.2023 06:30:46.485 GMT-0800,141.91299999999998,141.83700000000002,0.0012,0.0012
13.11.2023 06:30:46.788 GMT-0800,141.873,141.83700000000002,0.0012,0.0012
13.11.2023 06:30:46.839 GMT-0800,141.823,141.787,0.0012,0.0012
13.11.2023 06:30:46.889 GMT-0800,141.823,141.76700000000002,0.0012,0.0012
13.11.2023 06:30:46.940 GMT-0800,141.813,141.76700000000002,0.0012,0.0012
13.11.2023 06:30:47.108 GMT-0800,141.813,141.757,0.0012,0.0012
13.11.2023 06:30:47.159 GMT-0800,141.774,141.73600000000002,0.0012,0.0012
13.11.2023 06:30:47.260 GMT-0800,141.783,141.73700000000002,0.0012,0.0012
13.11.2023 06:30:47.398 GMT-0800,141.783,141.757,0.0012,0.0012
13.11.2023 06:30:47.448 GMT-0800,141.784,141.746,0.0012,0.0012
13.11.2023 06:30:47.499 GMT-0800,141.763,141.727,0.0012,0.0012
13.11.2023 06:30:47.691 GMT-0800,141.774,141.73600000000002,0.0012,0.0012
13.11.2023 06:30:47.792 GMT-0800,141.773,141.727,0.0012,0.0012
13.11.2023 06:30:47.921 GMT-0800,141.764,141.726,0.0012,0.0012
13.11.2023 06:30:48.429 GMT-0800,141.753,141.727,0.0012,0.0012
13.11.2023 06:30:48.515 GMT-0800,141.754,141.716,0.0012,0.0012
13.11.2023 06:30:48.885 GMT-0800,141.763,141.727,0.0012,0.0012
13.11.2023 06:30:49.010 GMT-0800,141.783,141.747,0.0012,0.0012
13.11.2023 06:30:49.242 GMT-0800,141.794,141.746,0.0012,0.0012
13.11.2023 06:30:49.292 GMT-0800,141.773,141.747,0.0012,0.0012
13.11.2023 06:30:49.569 GMT-0800,141.763,141.717,0.0012,0.0012
13.11.2023 06:30:49.619 GMT-0800,141.744,141.70600000000002,0.0012,0.0012
13.11.2023 06:30:49.855 GMT-0800,141.753,141.727,0.0012,0.0012
13.11.2023 06:30:49.906 GMT-0800,141.794,141.756,0.0012,0.0012
13.11.2023 06:30:49.998 GMT-0800,141.794,141.746,0.0012,0.0012
13.11.2023 06:30:50.049 GMT-0800,141.793,141.757,0.0012,0.0012
13.11.2023 06:30:50.099 GMT-0800,141.793,141.747,0.0012,0.0012
13.11.2023 06:30:50.149 GMT-0800,141.783,141.747,0.0012,0.0012
13.11.2023 06:30:50.273 GMT-0800,141.794,141.746,0.0012,0.0012
13.11.2023 06:30:50.508 GMT-0800,141.793,141.757,0.0012,0.0012
13.11.2023 06:30:50.620 GMT-0800,141.794,141.746,0.0012,0.0012
13.11.2023 06:30:50.778 GMT-0800,141.784,141.746,0.0012,0.0012
13.11.2023 06:30:51.016 GMT-0800,141.793,141.757,0.0012,0.0012
13.11.2023 06:30:51.066 GMT-0800,141.793,141.747,0.0012,0.0012
13.11.2023 06:30:51.217 GMT-0800,141.794,141.756,0.0012,0.0012
13.11.2023 06:30:51.321 GMT-0800,141.794,141.746,0.0012,0.0012
13.11.2023 06:30:52.217 GMT-0800,141.794,141.76600000000002,0.0012,0.0012
13.11.2023 06:30:52.329 GMT-0800,141.773,141.73700000000002,0.0012,0.0012
13.11.2023 06:30:52.417 GMT-0800,141.753,141.717,0.0012,0.0012
13.11.2023 06:30:52.833 GMT-0800,141.773,141.73700000000002,0.0012,0.0012
13.11.2023 06:30:53.280 GMT-0800,141.794,141.73600000000002,0.0012,0.0012
13.11.2023 06:30:53.437 GMT-0800,141.793,141.747,0.0012,0.0012
13.11.2023 06:30:53.488 GMT-0800,141.813,141.757,0.0012,0.0012
13.11.2023 06:30:53.538 GMT-0800,141.784,141.746,0.0012,0.0012
13.11.2023 06:30:53.863 GMT-0800,141.794,141.746,0.0012,0.0012
13.11.2023 06:30:53.973 GMT-0800,141.784,141.746,0.0012,0.0012
13.11.2023 06:30:54.074 GMT-0800,141.813,141.76700000000002,0.0012,0.0012
13.11.2023 06:30:54.125 GMT-0800,141.823,141.77700000000002,0.0012,0.0012
13.11.2023 06:30:54.210 GMT-0800,141.864,141.806,0.0012,0.0012
13.11.2023 06:30:54.261 GMT-0800,141.874,141.836,0.0012,0.0012
13.11.2023 06:30:54.312 GMT-0800,141.914,141.846,0.0012,0.0012
13.11.2023 06:30:54.362 GMT-0800,141.883,141.847,0.0012,0.0012
13.11.2023 06:30:54.413 GMT-0800,141.893,141.847,0.0012,0.0012
13.11.2023 06:30:54.472 GMT-0800,141.884,141.846,0.0012,0.0012
13.11.2023 06:30:54.523 GMT-0800,141.893,141.847,0.0012,0.0012
13.11.2023 06:30:54.624 GMT-0800,141.914,141.846,0.0012,0.0012
13.11.2023 06:30:54.783 GMT-0800,141.894,141.846,0.0012,0.0012
13.11.2023 06:30:54.886 GMT-0800,141.914,141.846,0.0012,0.0012
13.11.2023 06:30:54.950 GMT-0800,141.893,141.847,0.0012,0.0012
13.11.2023 06:30:55.000 GMT-0800,141.91299999999998,141.847,0.0012,0.0012
13.11.2023 06:30:55.051 GMT-0800,141.894,141.846,0.0012,0.0012
13.11.2023 06:30:55.267 GMT-0800,141.874,141.846,0.0012,0.0012
13.11.2023 06:30:55.415 GMT-0800,141.854,141.806,0.0012,0.0012
13.11.2023 06:30:55.466 GMT-0800,141.854,141.79600000000002,0.0012,0.0012
13.11.2023 06:30:56.214 GMT-0800,141.853,141.80700000000002,0.0012,0.0012
13.11.2023 06:30:56.307 GMT-0800,141.854,141.79600000000002,0.0012,0.0012
13.11.2023 06:30:56.357 GMT-0800,141.863,141.827,0.0012,0.0012
13.11.2023 06:30:57.009 GMT-0800,141.854,141.826,0.0012,0.0012
13.11.2023 06:30:57.059 GMT-0800,141.883,141.83700000000002,0.0012,0.0012
13.11.2023 06:30:57.131 GMT-0800,141.883,141.827,0.0012,0.0012
13.11.2023 06:30:57.182 GMT-0800,141.894,141.836,0.0012,0.0012
13.11.2023 06:30:57.446 GMT-0800,141.914,141.836,0.0012,0.0012
13.11.2023 06:30:57.496 GMT-0800,141.91299999999998,141.857,0.0012,0.0012
13.11.2023 06:30:57.887 GMT-0800,141.893,141.857,0.0012,0.0012
13.11.2023 06:30:57.937 GMT-0800,141.914,141.856,0.0012,0.0012
13.11.2023 06:30:58.023 GMT-0800,141.934,141.856,0.0012,0.0012
13.11.2023 06:30:58.176 GMT-0800,141.91299999999998,141.857,0.0012,0.0012
13.11.2023 06:30:58.303 GMT-0800,141.91299999999998,141.86700000000002,0.0012,0.0012
13.11.2023 06:30:58.694 GMT-0800,141.903,141.86700000000002,0.0012,0.0012
13.11.2023 06:30:58.745 GMT-0800,141.873,141.827,0.0012,0.0012
13.11.2023 06:30:58.896 GMT-0800,141.883,141.827,0.0012,0.0012
13.11.2023 06:30:58.946 GMT-0800,141.873,141.827,0.0012,0.0012
13.11.2023 06:30:59.366 GMT-0800,141.883,141.827,0.0012,0.0012
13.11.2023 06:30:59.517 GMT-0800,141.883,141.83700000000002,0.0012,0.0012
13.11.2023 06:30:59.567 GMT-0800,141.884,141.826,0.0012,0.0012
13.11.2023 06:30:59.618 GMT-0800,141.853,141.80700000000002,0.0012,0.0012
13.11.2023 06:30:59.795 GMT-0800,141.864,141.816,0.0012,0.0012
13.11.2023 06:30:59.946 GMT-0800,141.864,141.826,0.0012,0.0012
13.11.2023 06:31:00.047 GMT-0800,141.864,141.816,0.0012,0.0012
13.11.2023 06:31:00.148 GMT-0800,141.824,141.786,0.0012,0.0012
13.11.2023 06:31:00.198 GMT-0800,141.834,141.786,0.0012,0.0012
13.11.2023 06:31:00.299 GMT-0800,141.853,141.797,0.0012,0.0012
13.11.2023 06:31:00.358 GMT-0800,141.844,141.79600000000002,0.0012,0.0012
13.11.2023 06:31:00.588 GMT-0800,141.853,141.797,0.0012,0.0012
13.11.2023 06:31:00.638 GMT-0800,141.843,141.797,0.0012,0.0012
13.11.2023 06:31:00.689 GMT-0800,141.844,141.786,0.0012,0.0012
13.11.2023 06:31:00.740 GMT-0800,141.823,141.77700000000002,0.0012,0.0012
13.11.2023 06:31:00.868 GMT-0800,141.813,141.77700000000002,0.0012,0.0012
13.11.2023 06:31:00.935 GMT-0800,141.824,141.776,0.0012,0.0012
13.11.2023 06:31:01.120 GMT-0800,141.813,141.757,0.0012,0.0012
13.11.2023 06:31:01.221 GMT-0800,141.833,141.77700000000002,0.0012,0.0012
13.11.2023 06:31:01.271 GMT-0800,141.833,141.76700000000002,0.0012,0.0012
13.11.2023 06:31:01.409 GMT-0800,141.853,141.787,0.0012,0.0012
13.11.2023 06:31:01.585 GMT-0800,141.874,141.816,0.0012,0.0012
13.11.2023 06:31:01.736 GMT-0800,141.894,141.826,0.0012,0.0012
13.11.2023 06:31:01.787 GMT-0800,141.873,141.827,0.0012,0.0012
13.11.2023 06:31:02.050 GMT-0800,141.893,141.847,0.0012,0.0012
13.11.2023 06:31:02.165 GMT-0800,141.883,141.847,0.0012,0.0012
13.11.2023 06:31:02.410 GMT-0800,141.894,141.846,0.0012,0.0012
13.11.2023 06:31:02.500 GMT-0800,141.894,141.856,0.0012,0.0012
13.11.2023 06:31:02.551 GMT-0800,141.924,141.876,0.0012,0.0012
13.11.2023 06:31:02.803 GMT-0800,141.914,141.876,0.0012,0.0012
13.11.2023 06:31:02.988 GMT-0800,141.903,141.86700000000002,0.0012,0.0012
13.11.2023 06:31:03.038 GMT-0800,141.884,141.826,0.0012,0.0012
13.11.2023 06:31:03.089 GMT-0800,141.884,141.846,0.0012,0.0012
13.11.2023 06:31:03.140 GMT-0800,141.904,141.856,0.0012,0.0012
13.11.2023 06:31:03.236 GMT-0800,141.893,141.847,0.0012,0.0012
13.11.2023 06:31:03.367 GMT-0800,141.904,141.856,0.0012,0.0012
13.11.2023 06:31:03.469 GMT-0800,141.933,141.89700000000002,0.0012,0.0012
13.11.2023 06:31:03.587 GMT-0800,141.91299999999998,141.857,0.0012,0.0012
13.11.2023 06:31:03.638 GMT-0800,141.91299999999998,141.86700000000002,0.0012,0.0012
13.11.2023 06:31:03.748 GMT-0800,141.933,141.89700000000002,0.0012,0.0012
13.11.2023 06:31:03.799 GMT-0800,141.963,141.917,0.0012,0.0012
13.11.2023 06:31:03.947 GMT-0800,141.954,141.916,0.0012,0.0012
13.11.2023 06:31:04.059 GMT-0800,141.964,141.916,0.0012,0.0012
13.11.2023 06:31:04.110 GMT-0800,141.974,141.936,0.0012,0.0012
13.11.2023 06:31:04.161 GMT-0800,141.984,141.936,0.0012,0.0012
13.11.2023 06:31:04.280 GMT-0800,141.983,141.947,0.0012,0.0012
13.11.2023 06:31:04.381 GMT-0800,141.974,141.936,0.0012,0.0012
13.11.2023 06:31:04.532 GMT-0800,141.993,141.95700000000002,0.0012,0.0012
13.11.2023 06:31:05.251 GMT-0800,142.004,141.95600000000002,0.0012,0.0012
13.11.2023 06:31:05.405 GMT-0800,142.003,141.967,0.0012,0.0012
13.11.2023 06:31:05.561 GMT-0800,142.033,141.98700000000002,0.0012,0.0012
13.11.2023 06:31:05.611 GMT-0800,142.023,141.98700000000002,0.0012,0.0012
13.11.2023 06:31:05.725 GMT-0800,142.023,141.977,0.0012,0.0012
13.11.2023 06:31:05.776 GMT-0800,141.994,141.95600000000002,0.0012,0.0012
13.11.2023 06:31:05.877 GMT-0800,142.003,141.95700000000002,0.0012,0.0012
13.11.2023 06:31:05.928 GMT-0800,141.994,141.95600000000002,0.0012,0.0012
13.11.2023 06:31:05.978 GMT-0800,141.993,141.947,0.0012,0.0012
13.11.2023 06:31:06.160 GMT-0800,141.993,141.967,0.0012,0.0012
13.11.2023 06:31:06.211 GMT-0800,142.023,141.98700000000002,0.0012,0.0012
13.11.2023 06:31:06.279 GMT-0800,142.013,141.98700000000002,0.0012,0.0012
13.11.2023 06:31:06.380 GMT-0800,141.993,141.967,0.0012,0.0012
13.11.2023 06:31:06.516 GMT-0800,142.003,141.967,0.0012,0.0012
13.11.2023 06:31:07.236 GMT-0800,142.004,141.976,0.0012,0.0012
13.11.2023 06:31:07.286 GMT-0800,142.014,141.976,0.0012,0.0012
13.11.2023 06:31:07.687 GMT-0800,142.014,141.95600000000002,0.0012,0.0012
13.11.2023 06:31:07.738 GMT-0800,141.984,141.946,0.0012,0.0012
13.11.2023 06:31:07.846 GMT-0800,141.983,141.95700000000002,0.0012,0.0012
13.11.2023 06:31:07.949 GMT-0800,141.994,141.966,0.0012,0.0012
13.11.2023 06:31:08.000 GMT-0800,142.013,141.977,0.0012,0.0012
13.11.2023 06:31:08.646 GMT-0800,141.984,141.95600000000002,0.0012,0.0012
13.11.2023 06:31:08.697 GMT-0800,141.994,141.95600000000002,0.0012,0.0012
13.11.2023 06:31:08.848 GMT-0800,141.983,141.95700000000002,0.0012,0.0012
13.11.2023 06:31:08.947 GMT-0800,141.984,141.946,0.0012,0.0012
13.11.2023 06:31:08.998 GMT-0800,141.983,141.937,0.0012,0.0012
13.11.2023 06:31:09.049 GMT-0800,141.974,141.936,0.0012,0.0012
13.11.2023 06:31:09.150 GMT-0800,141.974,141.92600000000002,0.0012,0.0012
13.11.2023 06:31:09.499 GMT-0800,141.974,141.936,0.0012,0.0012
13.11.2023 06:31:09.585 GMT-0800,141.97299999999998,141.92700000000002,0.0012,0.0012
13.11.2023 06:31:09.708 GMT-0800,141.964,141.916,0.0012,0.0012
13.11.2023 06:31:09.812 GMT-0800,141.964,141.92600000000002,0.0012,0.0012
13.11.2023 06:31:09.862 GMT-0800,141.963,141.917,0.0012,0.0012
13.11.2023 06:31:09.920 GMT-0800,141.953,141.917,0.0012,0.0012
13.11.2023 06:31:10.021 GMT-0800,141.914,141.876,0.0012,0.0012
13.11.2023 06:31:10.172 GMT-0800,141.904,141.856,0.0012,0.0012
13.11.2023 06:31:10.223 GMT-0800,141.893,141.857,0.0012,0.0012
13.11.2023 06:31:10.416 GMT-0800,141.884,141.846,0.0012,0.0012
13.11.2023 06:31:10.765 GMT-0800,141.854,141.826,0.0012,0.0012
13.11.2023 06:31:10.815 GMT-0800,141.864,141.826,0.0012,0.0012
13.11.2023 06:31:10.866 GMT-0800,141.853,141.817,0.0012,0.0012
13.11.2023 06:31:11.016 GMT-0800,141.844,141.806,0.0012,0.0012
13.11.2023 06:31:11.171 GMT-0800,141.853,141.827,0.0012,0.0012
13.11.2023 06:31:11.222 GMT-0800,141.874,141.836,0.0012,0.0012
13.11.2023 06:31:11.272 GMT-0800,141.893,141.857,0.0012,0.0012
13.11.2023 06:31:11.373 GMT-0800,141.894,141.866,0.0012,0.0012
13.11.2023 06:31:11.424 GMT-0800,141.904,141.866,0.0012,0.0012
13.11.2023 06:31:11.475 GMT-0800,141.924,141.886,0.0012,0.0012
13.11.2023 06:31:11.661 GMT-0800,141.923,141.89700000000002,0.0012,0.0012
13.11.2023 06:31:11.815 GMT-0800,141.91299999999998,141.877,0.0012,0.0012
13.11.2023 06:31:11.866 GMT-0800,141.91299999999998,141.86700000000002,0.0012,0.0012
13.11.2023 06:31:11.916 GMT-0800,141.903,141.86700000000002,0.0012,0.0012
13.11.2023 06:31:12.047 GMT-0800,141.883,141.847,0.0012,0.0012
13.11.2023 06:31:12.148 GMT-0800,141.883,141.857,0.0012,0.0012
13.11.2023 06:31:12.249 GMT-0800,141.893,141.857,0.0012,0.0012
13.11.2023 06:31:12.468 GMT-0800,141.884,141.856,0.0012,0.0012
13.11.2023 06:31:12.570 GMT-0800,141.873,141.83700000000002,0.0012,0.0012
13.11.2023 06:31:12.660 GMT-0800,141.874,141.826,0.0012,0.0012
13.11.2023 06:31:13.777 GMT-0800,141.863,141.827,0.0012,0.0012
13.11.2023 06:31:14.061 GMT-0800,141.863,141.817,0.0012,0.0012
13.11.2023 06:31:14.112 GMT-0800,141.854,141.816,0.0012,0.0012
13.11.2023 06:31:14.213 GMT-0800,141.863,141.827,0.0012,0.0012
13.11.2023 06:31:14.264 GMT-0800,141.884,141.836,0.0012,0.0012
13.11.2023 06:31:14.692 GMT-0800,141.874,141.836,0.0012,0.0012
13.11.2023 06:31:14.743 GMT-0800,141.873,141.827,0.0012,0.0012
13.11.2023 06:31:14.930 GMT-0800,141.854,141.816,0.0012,0.0012
13.11.2023 06:31:14.981 GMT-0800,141.834,141.786,0.0012,0.0012
13.11.2023 06:31:15.321 GMT-0800,141.824,141.786,0.0012,0.0012
13.11.2023 06:31:15.684 GMT-0800,141.813,141.787,0.0012,0.0012
13.11.2023 06:31:15.744 GMT-0800,141.823,141.787,0.0012,0.0012
13.11.2023 06:31:15.795 GMT-0800,141.813,141.787,0.0012,0.0012
13.11.2023 06:31:15.846 GMT-0800,141.823,141.787,0.0012,0.0012
13.11.2023 06:31:16.625 GMT-0800,141.793,141.757,0.0012,0.0012
13.11.2023 06:31:16.726 GMT-0800,141.783,141.747,0.0012,0.0012
13.11.2023 06:31:16.827 GMT-0800,141.754,141.73600000000002,0.0012,0.0012
13.11.2023 06:31:16.877 GMT-0800,141.753,141.727,0.0012,0.0012
13.11.2023 06:31:16.978 GMT-0800,141.793,141.757,0.0012,0.0012
13.11.2023 06:31:17.029 GMT-0800,141.784,141.746,0.0012,0.0012
13.11.2023 06:31:17.313 GMT-0800,141.783,141.76700000000002,0.0012,0.0012
13.11.2023 06:31:17.449 GMT-0800,141.783,141.747,0.0012,0.0012
13.11.2023 06:31:17.499 GMT-0800,141.763,141.73700000000002,0.0012,0.0012
13.11.2023 06:31:17.589 GMT-0800,141.764,141.726,0.0012,0.0012
13.11.2023 06:31:17.640 GMT-0800,141.754,141.726,0.0012,0.0012
13.11.2023 06:31:17.791 GMT-0800,141.714,141.686,0.0012,0.0012
13.11.2023 06:31:17.904 GMT-0800,141.714,141.696,0.0012,0.0012
13.11.2023 06:31:17.954 GMT-0800,141.724,141.696,0.0012,0.0012
13.11.2023 06:31:18.438 GMT-0800,141.714,141.696,0.0012,0.0012
13.11.2023 06:31:18.488 GMT-0800,141.724,141.696,0.0012,0.0012
13.11.2023 06:31:18.539 GMT-0800,141.714,141.696,0.0012,0.0012
13.11.2023 06:31:18.668 GMT-0800,141.72299999999998,141.687,0.0012,0.0012
13.11.2023 06:31:18.719 GMT-0800,141.734,141.70600000000002,0.0012,0.0012
13.11.2023 06:31:18.770 GMT-0800,141.743,141.70700000000002,0.0012,0.0012
13.11.2023 06:31:19.045 GMT-0800,141.754,141.716,0.0012,0.0012
13.11.2023 06:31:19.095 GMT-0800,141.764,141.716,0.0012,0.0012
13.11.2023 06:31:19.473 GMT-0800,141.753,141.717,0.0012,0.0012
13.11.2023 06:31:19.524 GMT-0800,141.753,141.70700000000002,0.0012,0.0012
13.11.2023 06:31:20.090 GMT-0800,141.743,141.70700000000002,0.0012,0.0012
13.11.2023 06:31:20.164 GMT-0800,141.753,141.70700000000002,0.0012,0.0012
13.11.2023 06:31:20.251 GMT-0800,141.744,141.70600000000002,0.0012,0.0012
13.11.2023 06:31:20.302 GMT-0800,141.763,141.717,0.0012,0.0012
13.11.2023 06:31:20.490 GMT-0800,141.763,141.727,0.0012,0.0012
13.11.2023 06:31:20.629 GMT-0800,141.753,141.717,0.0012,0.0012
13.11.2023 06:31:20.680 GMT-0800,141.764,141.716,0.0012,0.0012
13.11.2023 06:31:20.847 GMT-0800,141.754,141.716,0.0012,0.0012
13.11.2023 06:31:21.152 GMT-0800,141.763,141.717,0.0012,0.0012
13.11.2023 06:31:21.203 GMT-0800,141.783,141.747,0.0012,0.0012
13.11.2023 06:31:21.759 GMT-0800,141.774,141.746,0.0012,0.0012
13.11.2023 06:31:21.860 GMT-0800,141.784,141.756,0.0012,0.0012
13.11.2023 06:31:22.870 GMT-0800,141.773,141.757,0.0012,0.0012
13.11.2023 06:31:22.921 GMT-0800,141.784,141.756,0.0012,0.0012
13.11.2023 06:31:23.042 GMT-0800,141.783,141.76700000000002,0.0012,0.0012
13.11.2023 06:31:23.126 GMT-0800,141.784,141.756,0.0012,0.0012
13.11.2023 06:31:23.177 GMT-0800,141.763,141.73700000000002,0.0012,0.0012
13.11.2023 06:31:23.227 GMT-0800,141.774,141.73600000000002,0.0012,0.0012
13.11.2023 06:31:23.278 GMT-0800,141.773,141.727,0.0012,0.0012
13.11.2023 06:31:23.362 GMT-0800,141.773,141.73700000000002,0.0012,0.0012
13.11.2023 06:31:23.447 GMT-0800,141.774,141.726,0.0012,0.0012
13.11.2023 06:31:23.507 GMT-0800,141.764,141.726,0.0012,0.0012
13.11.2023 06:31:23.608 GMT-0800,141.753,141.70700000000002,0.0012,0.0012
13.11.2023 06:31:23.659 GMT-0800,141.72299999999998,141.687,0.0012,0.0012
13.11.2023 06:31:23.710 GMT-0800,141.713,141.667,0.0012,0.0012
13.11.2023 06:31:23.766 GMT-0800,141.72299999999998,141.697,0.0012,0.0012
13.11.2023 06:31:23.817 GMT-0800,141.743,141.70700000000002,0.0012,0.0012
13.11.2023 06:31:23.867 GMT-0800,141.733,141.697,0.0012,0.0012
13.11.2023 06:31:23.918 GMT-0800,141.734,141.686,0.0012,0.0012
13.11.2023 06:31:23.968 GMT-0800,141.724,141.686,0.0012,0.0012
13.11.2023 06:31:24.019 GMT-0800,141.733,141.687,0.0012,0.0012
13.11.2023 06:31:24.120 GMT-0800,141.734,141.696,0.0012,0.0012
13.11.2023 06:31:24.221 GMT-0800,141.714,141.67600000000002,0.0012,0.0012
13.11.2023 06:31:25.458 GMT-0800,141.714,141.686,0.0012,0.0012
13.11.2023 06:31:25.567 GMT-0800,141.714,141.666,0.0012,0.0012
13.11.2023 06:31:25.618 GMT-0800,141.694,141.656,0.0012,0.0012
13.11.2023 06:31:25.668 GMT-0800,141.714,141.666,0.0012,0.0012
13.11.2023 06:31:25.719 GMT-0800,141.724,141.67600000000002,0.0012,0.0012
13.11.2023 06:31:25.842 GMT-0800,141.734,141.696,0.0012,0.0012
13.11.2023 06:31:25.943 GMT-0800,141.734,141.686,0.0012,0.0012
13.11.2023 06:31:26.270 GMT-0800,141.743,141.697,0.0012,0.0012
13.11.2023 06:31:26.371 GMT-0800,141.753,141.70700000000002,0.0012,0.0012
13.11.2023 06:31:26.472 GMT-0800,141.733,141.70700000000002,0.0012,0.0012
13.11.2023 06:31:26.573 GMT-0800,141.714,141.686,0.0012,0.0012
13.11.2023 06:31:26.624 GMT-0800,141.713,141.67700000000002,0.0012,0.0012
13.11.2023 06:31:26.727 GMT-0800,141.694,141.656,0.0012,0.0012
13.11.2023 06:31:26.828 GMT-0800,141.673,141.627,0.0012,0.0012
13.11.2023 06:31:26.929 GMT-0800,141.673,141.64700000000002,0.0012,0.0012
13.11.2023 06:31:26.979 GMT-0800,141.673,141.637,0.0012,0.0012
13.11.2023 06:31:27.030 GMT-0800,141.66299999999998,141.627,0.0012,0.0012
13.11.2023 06:31:27.275 GMT-0800,141.684,141.636,0.0012,0.0012
13.11.2023 06:31:27.326 GMT-0800,141.674,141.64600000000002,0.0012,0.0012
13.11.2023 06:31:27.412 GMT-0800,141.674,141.636,0.0012,0.0012
13.11.2023 06:31:27.463 GMT-0800,141.704,141.666,0.0012,0.0012
13.11.2023 06:31:28.432 GMT-0800,141.684,141.666,0.0012,0.0012
13.11.2023 06:31:28.483 GMT-0800,141.674,141.64600000000002,0.0012,0.0012
13.11.2023 06:31:28.628 GMT-0800,141.664,141.636,0.0012,0.0012
13.11.2023 06:31:28.679 GMT-0800,141.66299999999998,141.627,0.0012,0.0012
13.11.2023 06:31:28.748 GMT-0800,141.654,141.616,0.0012,0.0012
13.11.2023 06:31:28.849 GMT-0800,141.643,141.627,0.0012,0.0012
13.11.2023 06:31:28.900 GMT-0800,141.634,141.606,0.0012,0.0012
13.11.2023 06:31:29.002 GMT-0800,141.66299999999998,141.627,0.0012,0.0012
13.11.2023 06:31:29.098 GMT-0800,141.664,141.616,0.0012,0.0012
13.11.2023 06:31:29.296 GMT-0800,141.674,141.616,0.0012,0.0012
13.11.2023 06:31:29.389 GMT-0800,141.664,141.616,0.0012,0.0012
13.11.2023 06:31:29.466 GMT-0800,141.673,141.61700000000002,0.0012,0.0012
13.11.2023 06:31:29.633 GMT-0800,141.694,141.636,0.0012,0.0012
13.11.2023 06:31:29.734 GMT-0800,141.69299999999998,141.657,0.0012,0.0012
13.11.2023 06:31:29.882 GMT-0800,141.734,141.67600000000002,0.0012,0.0012
13.11.2023 06:31:30.033 GMT-0800,141.713,141.67700000000002,0.0012,0.0012
13.11.2023 06:31:30.141 GMT-0800,141.733,141.67700000000002,0.0012,0.0012
13.11.2023 06:31:30.192 GMT-0800,141.714,141.67600000000002,0.0012,0.0012
13.11.2023 06:31:30.293 GMT-0800,141.69299999999998,141.67700000000002,0.0012,0.0012
13.11.2023 06:31:30.343 GMT-0800,141.69299999999998,141.657,0.0012,0.0012
13.11.2023 06:31:30.394 GMT-0800,141.703,141.657,0.0012,0.0012
13.11.2023 06:31:30.444 GMT-0800,141.694,141.656,0.0012,0.0012
13.11.2023 06:31:30.622 GMT-0800,141.734,141.67600000000002,0.0012,0.0012
13.11.2023 06:31:30.672 GMT-0800,141.703,141.667,0.0012,0.0012
13.11.2023 06:31:31.109 GMT-0800,141.694,141.666,0.0012,0.0012
13.11.2023 06:31:31.190 GMT-0800,141.703,141.667,0.0012,0.0012
13.11.2023 06:31:31.240 GMT-0800,141.694,141.666,0.0012,0.0012
13.11.2023 06:31:31.446 GMT-0800,141.703,141.667,0.0012,0.0012
13.11.2023 06:31:31.497 GMT-0800,141.694,141.666,0.0012,0.0012
13.11.2023 06:31:31.556 GMT-0800,141.704,141.666,0.0012,0.0012
13.11.2023 06:31:31.657 GMT-0800,141.69299999999998,141.667,0.0012,0.0012
13.11.2023 06:31:31.808 GMT-0800,141.704,141.67600000000002,0.0012,0.0012
13.11.2023 06:31:31.859 GMT-0800,141.683,141.64700000000002,0.0012,0.0012
13.11.2023 06:31:32.062 GMT-0800,141.684,141.656,0.0012,0.0012
13.11.2023 06:31:32.113 GMT-0800,141.703,141.667,0.0012,0.0012
13.11.2023 06:31:32.302 GMT-0800,141.713,141.667,0.0012,0.0012
13.11.2023 06:31:32.354 GMT-0800,141.69299999999998,141.657,0.0012,0.0012
13.11.2023 06:31:32.757 GMT-0800,141.684,141.656,0.0012,0.0012
13.11.2023 06:31:32.907 GMT-0800,141.653,141.627,0.0012,0.0012
13.11.2023 06:31:33.163 GMT-0800,141.623,141.607,0.0012,0.0012
13.11.2023 06:31:33.214 GMT-0800,141.634,141.606,0.0012,0.0012
13.11.2023 06:31:34.347 GMT-0800,141.634,141.596,0.0012,0.0012
13.11.2023 06:31:34.397 GMT-0800,141.633,141.61700000000002,0.0012,0.0012
13.11.2023 06:31:35.418 GMT-0800,141.66299999999998,141.627,0.0012,0.0012
13.11.2023 06:31:35.551 GMT-0800,141.664,141.636,0.0012,0.0012
13.11.2023 06:31:35.602 GMT-0800,141.664,141.626,0.0012,0.0012
13.11.2023 06:31:35.702 GMT-0800,141.654,141.626,0.0012,0.0012
13.11.2023 06:31:35.819 GMT-0800,141.653,141.637,0.0012,0.0012
13.11.2023 06:31:35.869 GMT-0800,141.654,141.626,0.0012,0.0012
13.11.2023 06:31:35.920 GMT-0800,141.643,141.627,0.0012,0.0012
13.11.2023 06:31:35.970 GMT-0800,141.654,141.626,0.0012,0.0012
13.11.2023 06:31:36.021 GMT-0800,141.633,141.607,0.0012,0.0012
13.11.2023 06:31:36.122 GMT-0800,141.624,141.596,0.0012,0.0012
13.11.2023 06:31:36.545 GMT-0800,141.644,141.616,0.0012,0.0012
13.11.2023 06:31:36.646 GMT-0800,141.654,141.616,0.0012,0.0012
13.11.2023 06:31:36.696 GMT-0800,141.633,141.607,0.0012,0.0012
13.11.2023 06:31:37.472 GMT-0800,141.624,141.606,0.0012,0.0012
13.11.2023 06:31:37.522 GMT-0800,141.623,141.597,0.0012,0.0012
13.11.2023 06:31:38.227 GMT-0800,141.614,141.596,0.0012,0.0012
13.11.2023 06:31:38.450 GMT-0800,141.603,141.58700000000002,0.0012,0.0012
13.11.2023 06:31:39.254 GMT-0800,141.583,141.567,0.0012,0.0012
13.11.2023 06:31:39.471 GMT-0800,141.614,141.576,0.0012,0.0012
13.11.2023 06:31:39.522 GMT-0800,141.624,141.586,0.0012,0.0012
13.11.2023 06:31:39.701 GMT-0800,141.614,141.576,0.0012,0.0012
13.11.2023 06:31:39.802 GMT-0800,141.603,141.577,0.0012,0.0012
13.11.2023 06:31:39.853 GMT-0800,141.614,141.576,0.0012,0.0012
13.11.2023 06:31:39.954 GMT-0800,141.604,141.576,0.0012,0.0012
13.11.2023 06:31:40.061 GMT-0800,141.614,141.586,0.0012,0.0012
13.11.2023 06:31:40.162 GMT-0800,141.624,141.596,0.0012,0.0012
13.11.2023 06:31:40.263 GMT-0800,141.633,141.597,0.0012,0.0012
13.11.2023 06:31:40.313 GMT-0800,141.634,141.606,0.0012,0.0012
13.11.2023 06:31:40.472 GMT-0800,141.614,141.586,0.0012,0.0012
13.11.2023 06:31:40.623 GMT-0800,141.613,141.597,0.0012,0.0012
13.11.2023 06:31:40.674 GMT-0800,141.624,141.586,0.0012,0.0012
13.11.2023 06:31:40.724 GMT-0800,141.624,141.596,0.0012,0.0012
13.11.2023 06:31:40.827 GMT-0800,141.623,141.58700000000002,0.0012,0.0012
13.11.2023 06:31:40.878 GMT-0800,141.613,141.577,0.0012,0.0012
13.11.2023 06:31:40.994 GMT-0800,141.604,141.576,0.0012,0.0012
13.11.2023 06:31:41.295 GMT-0800,141.614,141.586,0.0012,0.0012
13.11.2023 06:31:41.487 GMT-0800,141.624,141.596,0.0012,0.0012
13.11.2023 06:31:41.537 GMT-0800,141.633,141.597,0.0012,0.0012
13.11.2023 06:31:41.618 GMT-0800,141.633,141.61700000000002,0.0012,0.0012
13.11.2023 06:31:41.669 GMT-0800,141.684,141.64600000000002,0.0012,0.0012
13.11.2023 06:31:41.850 GMT-0800,141.694,141.666,0.0012,0.0012
13.11.2023 06:31:42.032 GMT-0800,141.684,141.666,0.0012,0.0012
13.11.2023 06:31:42.082 GMT-0800,141.683,141.64700000000002,0.0012,0.0012
13.11.2023 06:31:42.356 GMT-0800,141.684,141.656,0.0012,0.0012
13.11.2023 06:31:42.469 GMT-0800,141.684,141.64600000000002,0.0012,0.0012
13.11.2023 06:31:42.575 GMT-0800,141.674,141.64600000000002,0.0012,0.0012
13.11.2023 06:31:42.631 GMT-0800,141.684,141.64600000000002,0.0012,0.0012
13.11.2023 06:31:42.682 GMT-0800,141.684,141.656,0.0012,0.0012
13.11.2023 06:31:42.780 GMT-0800,141.683,141.64700000000002,0.0012,0.0012
13.11.2023 06:31:42.900 GMT-0800,141.69299999999998,141.667,0.0012,0.0012
13.11.2023 06:31:42.950 GMT-0800,141.653,141.637,0.0012,0.0012
13.11.2023 06:31:43.051 GMT-0800,141.664,141.64600000000002,0.0012,0.0012
13.11.2023 06:31:43.102 GMT-0800,141.673,141.64700000000002,0.0012,0.0012
13.11.2023 06:31:43.153 GMT-0800,141.66299999999998,141.637,0.0012,0.0012
13.11.2023 06:31:43.203 GMT-0800,141.673,141.637,0.0012,0.0012
13.11.2023 06:31:43.349 GMT-0800,141.654,141.636,0.0012,0.0012
13.11.2023 06:31:43.468 GMT-0800,141.66299999999998,141.64700000000002,0.0012,0.0012
13.11.2023 06:31:43.605 GMT-0800,141.664,141.636,0.0012,0.0012
13.11.2023 06:31:43.656 GMT-0800,141.664,141.64600000000002,0.0012,0.0012
13.11.2023 06:31:43.706 GMT-0800,141.694,141.656,0.0012,0.0012
13.11.2023 06:31:43.891 GMT-0800,141.684,141.666,0.0012,0.0012
13.11.2023 06:31:43.942 GMT-0800,141.69299999999998,141.667,0.0012,0.0012
13.11.2023 06:31:43.992 GMT-0800,141.684,141.656,0.0012,0.0012
13.11.2023 06:31:44.264 GMT-0800,141.694,141.656,0.0012,0.0012
13.11.2023 06:31:44.556 GMT-0800,141.69299999999998,141.667,0.0012,0.0012
13.11.2023 06:31:44.694 GMT-0800,141.704,141.67600000000002,0.0012,0.0012
13.11.2023 06:31:45.241 GMT-0800,141.703,141.687,0.0012,0.0012
13.11.2023 06:31:45.437 GMT-0800,141.734,141.686,0.0012,0.0012
13.11.2023 06:31:45.488 GMT-0800,141.714,141.686,0.0012,0.0012
13.11.2023 06:31:45.539 GMT-0800,141.714,141.67600000000002,0.0012,0.0012
13.11.2023 06:31:45.693 GMT-0800,141.704,141.67600000000002,0.0012,0.0012
13.11.2023 06:31:45.920 GMT-0800,141.704,141.666,0.0012,0.0012
13.11.2023 06:31:46.215 GMT-0800,141.674,141.636,0.0012,0.0012
13.11.2023 06:31:46.316 GMT-0800,141.66299999999998,141.627,0.0012,0.0012
13.11.2023 06:31:46.419 GMT-0800,141.653,141.607,0.0012,0.0012
13.11.2023 06:31:46.645 GMT-0800,141.653,141.627,0.0012,0.0012
13.11.2023 06:31:46.754 GMT-0800,141.654,141.616,0.0012,0.0012
13.11.2023 06:31:46.912 GMT-0800,141.653,141.627,0.0012,0.0012
13.11.2023 06:31:47.060 GMT-0800,141.654,141.616,0.0012,0.0012
13.11.2023 06:31:47.220 GMT-0800,141.654,141.626,0.0012,0.0012
13.11.2023 06:31:47.352 GMT-0800,141.654,141.616,0.0012,0.0012
13.11.2023 06:31:47.518 GMT-0800,141.643,141.61700000000002,0.0012,0.0012
13.11.2023 06:31:47.568 GMT-0800,141.644,141.606,0.0012,0.0012
13.11.2023 06:31:47.884 GMT-0800,141.643,141.627,0.0012,0.0012
13.11.2023 06:31:47.934 GMT-0800,141.643,141.61700000000002,0.0012,0.0012
13.11.2023 06:31:47.985 GMT-0800,141.654,141.616,0.0012,0.0012
13.11.2023 06:31:48.036 GMT-0800,141.66299999999998,141.637,0.0012,0.0012
13.11.2023 06:31:48.137 GMT-0800,141.674,141.64600000000002,0.0012,0.0012
13.11.2023 06:31:48.238 GMT-0800,141.724,141.67600000000002,0.0012,0.0012
13.11.2023 06:31:48.288 GMT-0800,141.704,141.686,0.0012,0.0012
13.11.2023 06:31:48.339 GMT-0800,141.703,141.67700000000002,0.0012,0.0012
13.11.2023 06:31:48.389 GMT-0800,141.774,141.73600000000002,0.0012,0.0012
13.11.2023 06:31:48.440 GMT-0800,141.754,141.726,0.0012,0.0012
13.11.2023 06:31:48.491 GMT-0800,141.764,141.726,0.0012,0.0012
13.11.2023 06:31:48.657 GMT-0800,141.753,141.727,0.0012,0.0012
13.11.2023 06:31:48.709 GMT-0800,141.764,141.726,0.0012,0.0012
13.11.2023 06:31:48.904 GMT-0800,141.753,141.727,0.0012,0.0012
13.11.2023 06:31:49.034 GMT-0800,141.733,141.717,0.0012,0.0012
13.11.2023 06:31:49.150 GMT-0800,141.763,141.717,0.0012,0.0012
13.11.2023 06:31:49.201 GMT-0800,141.754,141.716,0.0012,0.0012
13.11.2023 06:31:49.471 GMT-0800,141.733,141.70700000000002,0.0012,0.0012
13.11.2023 06:31:49.521 GMT-0800,141.733,141.697,0.0012,0.0012
13.11.2023 06:31:49.696 GMT-0800,141.754,141.716,0.0012,0.0012
13.11.2023 06:31:49.796 GMT-0800,141.783,141.73700000000002,0.0012,0.0012
13.11.2023 06:31:49.982 GMT-0800,141.783,141.747,0.0012,0.0012
13.11.2023 06:31:50.032 GMT-0800,141.784,141.73600000000002,0.0012,0.0012
13.11.2023 06:31:50.116 GMT-0800,141.774,141.73600000000002,0.0012,0.0012
13.11.2023 06:31:50.296 GMT-0800,141.764,141.73600000000002,0.0012,0.0012
13.11.2023 06:31:50.426 GMT-0800,141.764,141.726,0.0012,0.0012
13.11.2023 06:31:50.566 GMT-0800,141.754,141.716,0.0012,0.0012
13.11.2023 06:31:50.717 GMT-0800,141.774,141.73600000000002,0.0012,0.0012
13.11.2023 06:31:50.847 GMT-0800,141.764,141.726,0.0012,0.0012
13.11.2023 06:31:50.948 GMT-0800,141.744,141.70600000000002,0.0012,0.0012
13.11.2023 06:31:51.069 GMT-0800,141.734,141.70600000000002,0.0012,0.0012
13.11.2023 06:31:51.120 GMT-0800,141.743,141.70700000000002,0.0012,0.0012
13.11.2023 06:31:51.297 GMT-0800,141.744,141.716,0.0012,0.0012
13.11.2023 06:31:51.401 GMT-0800,141.764,141.726,0.0012,0.0012
13.11.2023 06:31:51.554 GMT-0800,141.773,141.747,0.0012,0.0012
13.11.2023 06:31:51.604 GMT-0800,141.783,141.747,0.0012,0.0012
13.11.2023 06:31:51.833 GMT-0800,141.783,141.76700000000002,0.0012,0.0012
13.11.2023 06:31:51.959 GMT-0800,141.773,141.747,0.0012,0.0012
13.11.2023 06:31:52.240 GMT-0800,141.784,141.756,0.0012,0.0012
13.11.2023 06:31:52.485 GMT-0800,141.793,141.757,0.0012,0.0012
13.11.2023 06:31:52.537 GMT-0800,141.803,141.757,0.0012,0.0012
13.11.2023 06:31:52.587 GMT-0800,141.784,141.756,0.0012,0.0012
13.11.2023 06:31:52.638 GMT-0800,141.794,141.756,0.0012,0.0012
13.11.2023 06:31:52.689 GMT-0800,141.784,141.756,0.0012,0.0012
13.11.2023 06:31:52.739 GMT-0800,141.783,141.747,0.0012,0.0012
13.11.2023 06:31:52.813 GMT-0800,141.783,141.757,0.0012,0.0012
13.11.2023 06:31:52.880 GMT-0800,141.784,141.746,0.0012,0.0012
13.11.2023 06:31:52.931 GMT-0800,141.794,141.756,0.0012,0.0012
13.11.2023 06:31:53.042 GMT-0800,141.793,141.76700000000002,0.0012,0.0012
13.11.2023 06:31:53.102 GMT-0800,141.793,141.757,0.0012,0.0012
13.11.2023 06:31:53.152 GMT-0800,141.804,141.76600000000002,0.0012,0.0012
13.11.2023 06:31:53.207 GMT-0800,141.814,141.76600000000002,0.0012,0.0012
13.11.2023 06:31:53.308 GMT-0800,141.813,141.77700000000002,0.0012,0.0012
13.11.2023 06:31:53.409 GMT-0800,141.823,141.77700000000002,0.0012,0.0012
13.11.2023 06:31:53.460 GMT-0800,141.833,141.77700000000002,0.0012,0.0012
13.11.2023 06:31:53.690 GMT-0800,141.824,141.776,0.0012,0.0012
13.11.2023 06:31:53.802 GMT-0800,141.814,141.776,0.0012,0.0012
13.11.2023 06:31:53.901 GMT-0800,141.834,141.776,0.0012,0.0012
13.11.2023 06:31:53.951 GMT-0800,141.803,141.77700000000002,0.0012,0.0012
13.11.2023 06:31:54.283 GMT-0800,141.804,141.786,0.0012,0.0012
13.11.2023 06:31:54.398 GMT-0800,141.804,141.776,0.0012,0.0012
13.11.2023 06:31:54.499 GMT-0800,141.833,141.797,0.0012,0.0012
13.11.2023 06:31:54.564 GMT-0800,141.834,141.816,0.0012,0.0012
13.11.2023 06:31:54.616 GMT-0800,141.844,141.79600000000002,0.0012,0.0012
13.11.2023 06:31:54.770 GMT-0800,141.834,141.79600000000002,0.0012,0.0012
13.11.2023 06:31:54.820 GMT-0800,141.854,141.79600000000002,0.0012,0.0012
13.11.2023 06:31:54.921 GMT-0800,141.823,141.797,0.0012,0.0012
13.11.2023 06:31:55.459 GMT-0800,141.844,141.816,0.0012,0.0012
13.11.2023 06:31:55.509 GMT-0800,141.893,141.857,0.0012,0.0012
13.11.2023 06:31:55.560 GMT-0800,141.893,141.86700000000002,0.0012,0.0012
13.11.2023 06:31:55.610 GMT-0800,141.91299999999998,141.877,0.0012,0.0012
13.11.2023 06:31:55.790 GMT-0800,141.934,141.906,0.0012,0.0012
13.11.2023 06:31:55.841 GMT-0800,141.94299999999998,141.907,0.0012,0.0012
13.11.2023 06:31:56.029 GMT-0800,141.934,141.89600000000002,0.0012,0.0012
13.11.2023 06:31:56.130 GMT-0800,141.94299999999998,141.907,0.0012,0.0012
13.11.2023 06:31:56.180 GMT-0800,141.944,141.89600000000002,0.0012,0.0012
13.11.2023 06:31:56.258 GMT-0800,141.94299999999998,141.907,0.0012,0.0012
13.11.2023 06:31:56.381 GMT-0800,141.94299999999998,141.89700000000002,0.0012,0.0012
13.11.2023 06:31:56.485 GMT-0800,141.923,141.887,0.0012,0.0012
13.11.2023 06:31:56.773 GMT-0800,141.94299999999998,141.917,0.0012,0.0012
13.11.2023 06:31:56.921 GMT-0800,141.94299999999998,141.907,0.0012,0.0012
13.11.2023 06:31:57.089 GMT-0800,141.94299999999998,141.917,0.0012,0.0012
13.11.2023 06:31:57.202 GMT-0800,141.944,141.906,0.0012,0.0012
13.11.2023 06:31:57.253 GMT-0800,141.94299999999998,141.917,0.0012,0.0012
13.11.2023 06:31:57.320 GMT-0800,141.953,141.917,0.0012,0.0012
13.11.2023 06:31:57.403 GMT-0800,141.964,141.916,0.0012,0.0012
13.11.2023 06:31:57.783 GMT-0800,141.964,141.92600000000002,0.0012,0.0012
13.11.2023 06:31:57.885 GMT-0800,141.964,141.936,0.0012,0.0012
13.11.2023 06:31:58.068 GMT-0800,141.954,141.936,0.0012,0.0012
13.11.2023 06:31:58.119 GMT-0800,141.923,141.887,0.0012,0.0012
13.11.2023 06:31:58.170 GMT-0800,141.933,141.89700000000002,0.0012,0.0012
13.11.2023 06:31:58.244 GMT-0800,141.934,141.886,0.0012,0.0012
13.11.2023 06:31:58.395 GMT-0800,141.923,141.887,0.0012,0.0012
13.11.2023 06:31:58.496 GMT-0800,141.933,141.89700000000002,0.0012,0.0012
13.11.2023 06:31:58.617 GMT-0800,141.94299999999998,141.89700000000002,0.0012,0.0012
13.11.2023 06:31:58.668 GMT-0800,141.934,141.906,0.0012,0.0012
13.11.2023 06:31:58.774 GMT-0800,141.944,141.916,0.0012,0.0012
13.11.2023 06:31:58.904 GMT-0800,141.944,141.906,0.0012,0.0012
13.11.2023 06:31:59.054 GMT-0800,141.954,141.906,0.0012,0.0012
13.11.2023 06:31:59.104 GMT-0800,141.964,141.936,0.0012,0.0012
13.11.2023 06:31:59.318 GMT-0800,141.994,141.95600000000002,0.0012,0.0012
13.11.2023 06:31:59.369 GMT-0800,141.984,141.946,0.0012,0.0012
13.11.2023 06:31:59.419 GMT-0800,141.994,141.946,0.0012,0.0012
13.11.2023 06:31:59.533 GMT-0800,141.983,141.947,0.0012,0.0012
13.11.2023 06:31:59.814 GMT-0800,141.963,141.92700000000002,0.0012,0.0012
13.11.2023 06:31:59.865 GMT-0800,141.914,141.89600000000002,0.0012,0.0012
13.11.2023 06:31:59.916 GMT-0800,141.934,141.89600000000002,0.0012,0.0012
13.11.2023 06:31:59.966 GMT-0800,141.924,141.89600000000002,0.0012,0.0012
13.11.2023 06:32:00.017 GMT-0800,141.933,141.89700000000002,0.0012,0.0012
13.11.2023 06:32:00.067 GMT-0800,141.924,141.89600000000002,0.0012,0.0012
13.11.2023 06:32:00.118 GMT-0800,141.933,141.89700000000002,0.0012,0.0012
13.11.2023 06:32:00.168 GMT-0800,141.924,141.89600000000002,0.0012,0.0012
13.11.2023 06:32:00.269 GMT-0800,141.934,141.89600000000002,0.0012,0.0012
13.11.2023 06:32:00.320 GMT-0800,141.91299999999998,141.89700000000002,0.0012,0.0012
13.11.2023 06:32:00.664 GMT-0800,141.904,141.886,0.0012,0.0012
13.11.2023 06:32:00.715 GMT-0800,141.91299999999998,141.887,0.0012,0.0012
13.11.2023 06:32:00.815 GMT-0800,141.91299999999998,141.877,0.0012,0.0012
13.11.2023 06:32:00.866 GMT-0800,141.974,141.95600000000002,0.0012,0.0012
13.11.2023 06:32:00.916 GMT-0800,141.974,141.946,0.0012,0.0012
13.11.2023 06:32:01.017 GMT-0800,142.004,141.95600000000002,0.0012,0.0012
13.11.2023 06:32:01.122 GMT-0800,142.003,141.967,0.0012,0.0012
13.11.2023 06:32:01.379 GMT-0800,142.033,141.997,0.0012,0.0012
13.11.2023 06:32:01.481 GMT-0800,142.063,142.02700000000002,0.0012,0.0012
13.11.2023 06:32:01.605 GMT-0800,142.063,142.037,0.0012,0.0012
13.11.2023 06:32:01.656 GMT-0800,142.054,142.01600000000002,0.0012,0.0012
13.11.2023 06:32:01.727 GMT-0800,142.054,142.006,0.0012,0.0012
13.11.2023 06:32:01.777 GMT-0800,142.044,142.006,0.0012,0.0012
13.11.2023 06:32:01.839 GMT-0800,142.053,142.007,0.0012,0.0012
13.11.2023 06:32:01.921 GMT-0800,142.043,142.007,0.0012,0.0012
13.11.2023 06:32:02.038 GMT-0800,142.034,142.006,0.0012,0.0012
13.11.2023 06:32:02.420 GMT-0800,142.043,142.01700000000002,0.0012,0.0012
13.11.2023 06:32:02.470 GMT-0800,142.063,142.02700000000002,0.0012,0.0012
13.11.2023 06:32:03.471 GMT-0800,142.084,142.04600000000002,0.0012,0.0012
13.11.2023 06:32:03.646 GMT-0800,142.093,142.05700000000002,0.0012,0.0012
13.11.2023 06:32:04.292 GMT-0800,142.083,142.047,0.0012,0.0012
13.11.2023 06:32:04.410 GMT-0800,142.113,142.077,0.0012,0.0012
13.11.2023 06:32:04.561 GMT-0800,142.134,142.096,0.0012,0.0012
13.11.2023 06:32:04.662 GMT-0800,142.134,142.106,0.0012,0.0012
13.11.2023 06:32:04.767 GMT-0800,142.134,142.096,0.0012,0.0012
13.11.2023 06:32:04.933 GMT-0800,142.123,142.107,0.0012,0.0012
13.11.2023 06:32:04.984 GMT-0800,142.113,142.077,0.0012,0.0012
13.11.2023 06:32:05.200 GMT-0800,142.124,142.096,0.0012,0.0012
13.11.2023 06:32:05.301 GMT-0800,142.153,142.11700000000002,0.0012,0.0012
13.11.2023 06:32:05.351 GMT-0800,142.174,142.136,0.0012,0.0012
13.11.2023 06:32:05.494 GMT-0800,142.184,142.156,0.0012,0.0012
13.11.2023 06:32:05.545 GMT-0800,142.19299999999998,142.157,0.0012,0.0012
13.11.2023 06:32:05.595 GMT-0800,142.194,142.166,0.0012,0.0012
13.11.2023 06:32:05.646 GMT-0800,142.184,142.14600000000002,0.0012,0.0012
13.11.2023 06:32:05.736 GMT-0800,142.194,142.14600000000002,0.0012,0.0012
13.11.2023 06:32:06.204 GMT-0800,142.194,142.166,0.0012,0.0012
13.11.2023 06:32:06.325 GMT-0800,142.194,142.156,0.0012,0.0012
13.11.2023 06:32:06.375 GMT-0800,142.184,142.14600000000002,0.0012,0.0012
13.11.2023 06:32:06.527 GMT-0800,142.173,142.137,0.0012,0.0012
13.11.2023 06:32:06.811 GMT-0800,142.164,142.126,0.0012,0.0012
13.11.2023 06:32:07.042 GMT-0800,142.16299999999998,142.137,0.0012,0.0012
13.11.2023 06:32:07.092 GMT-0800,142.174,142.136,0.0012,0.0012
13.11.2023 06:32:07.298 GMT-0800,142.143,142.107,0.0012,0.0012
13.11.2023 06:32:07.400 GMT-0800,142.144,142.096,0.0012,0.0012
13.11.2023 06:32:07.493 GMT-0800,142.153,142.11700000000002,0.0012,0.0012
13.11.2023 06:32:07.594 GMT-0800,142.174,142.14600000000002,0.0012,0.0012
13.11.2023 06:32:07.644 GMT-0800,142.173,142.137,0.0012,0.0012
13.11.2023 06:32:07.892 GMT-0800,142.173,142.14700000000002,0.0012,0.0012
13.11.2023 06:32:07.942 GMT-0800,142.174,142.136,0.0012,0.0012
13.11.2023 06:32:08.100 GMT-0800,142.173,142.157,0.0012,0.0012
13.11.2023 06:32:08.150 GMT-0800,142.174,142.14600000000002,0.0012,0.0012
13.11.2023 06:32:08.301 GMT-0800,142.184,142.14600000000002,0.0012,0.0012
13.11.2023 06:32:08.352 GMT-0800,142.204,142.17600000000002,0.0012,0.0012
13.11.2023 06:32:08.454 GMT-0800,142.194,142.166,0.0012,0.0012
13.11.2023 06:32:08.589 GMT-0800,142.19299999999998,142.17700000000002,0.0012,0.0012
13.11.2023 06:32:08.690 GMT-0800,142.203,142.167,0.0012,0.0012
13.11.2023 06:32:08.837 GMT-0800,142.214,142.186,0.0012,0.0012
13.11.2023 06:32:08.903 GMT-0800,142.213,142.17700000000002,0.0012,0.0012
13.11.2023 06:32:08.953 GMT-0800,142.173,142.14700000000002,0.0012,0.0012
13.11.2023 06:32:09.054 GMT-0800,142.183,142.14700000000002,0.0012,0.0012
13.11.2023 06:32:09.105 GMT-0800,142.184,142.156,0.0012,0.0012
13.11.2023 06:32:09.155 GMT-0800,142.203,142.167,0.0012,0.0012
13.11.2023 06:32:09.206 GMT-0800,142.22299999999998,142.187,0.0012,0.0012
13.11.2023 06:32:09.374 GMT-0800,142.224,142.196,0.0012,0.0012
13.11.2023 06:32:09.487 GMT-0800,142.243,142.20700000000002,0.0012,0.0012
13.11.2023 06:32:09.588 GMT-0800,142.254,142.20600000000002,0.0012,0.0012
13.11.2023 06:32:09.638 GMT-0800,142.19299999999998,142.157,0.0012,0.0012
13.11.2023 06:32:09.769 GMT-0800,142.194,142.17600000000002,0.0012,0.0012
13.11.2023 06:32:09.820 GMT-0800,142.184,142.156,0.0012,0.0012
13.11.2023 06:32:10.356 GMT-0800,142.174,142.14600000000002,0.0012,0.0012
13.11.2023 06:32:10.457 GMT-0800,142.19299999999998,142.157,0.0012,0.0012
13.11.2023 06:32:10.849 GMT-0800,142.204,142.156,0.0012,0.0012
13.11.2023 06:32:10.900 GMT-0800,142.203,142.167,0.0012,0.0012
13.11.2023 06:32:11.132 GMT-0800,142.183,142.157,0.0012,0.0012
13.11.2023 06:32:11.234 GMT-0800,142.194,142.156,0.0012,0.0012
13.11.2023 06:32:11.285 GMT-0800,142.184,142.156,0.0012,0.0012
13.11.2023 06:32:11.335 GMT-0800,142.19299999999998,142.157,0.0012,0.0012
13.11.2023 06:32:11.496 GMT-0800,142.184,142.156,0.0012,0.0012
13.11.2023 06:32:11.642 GMT-0800,142.174,142.14600000000002,0.0012,0.0012
13.11.2023 06:32:11.743 GMT-0800,142.19299999999998,142.167,0.0012,0.0012
13.11.2023 06:32:12.090 GMT-0800,142.183,142.157,0.0012,0.0012
13.11.2023 06:32:12.228 GMT-0800,142.16299999999998,142.127,0.0012,0.0012
13.11.2023 06:32:12.399 GMT-0800,142.154,142.126,0.0012,0.0012
13.11.2023 06:32:12.450 GMT-0800,142.154,142.116,0.0012,0.0012
13.11.2023 06:32:12.551 GMT-0800,142.143,142.11700000000002,0.0012,0.0012
13.11.2023 06:32:12.651 GMT-0800,142.154,142.106,0.0012,0.0012
13.11.2023 06:32:12.953 GMT-0800,142.134,142.106,0.0012,0.0012
13.11.2023 06:32:13.477 GMT-0800,142.143,142.107,0.0012,0.0012
13.11.2023 06:32:13.528 GMT-0800,142.133,142.107,0.0012,0.0012
13.11.2023 06:32:13.684 GMT-0800,142.153,142.107,0.0012,0.0012
13.11.2023 06:32:13.735 GMT-0800,142.144,142.106,0.0012,0.0012
13.11.2023 06:32:13.869 GMT-0800,142.143,142.11700000000002,0.0012,0.0012
13.11.2023 06:32:13.920 GMT-0800,142.144,142.106,0.0012,0.0012
13.11.2023 06:32:13.970 GMT-0800,142.134,142.106,0.0012,0.0012
13.11.2023 06:32:14.021 GMT-0800,142.134,142.096,0.0012,0.0012
13.11.2023 06:32:14.187 GMT-0800,142.123,142.097,0.0012,0.0012
13.11.2023 06:32:14.326 GMT-0800,142.133,142.097,0.0012,0.0012
13.11.2023 06:32:14.684 GMT-0800,142.104,142.066,0.0012,0.0012
13.11.2023 06:32:14.735 GMT-0800,142.104,142.056,0.0012,0.0012
13.11.2023 06:32:14.998 GMT-0800,142.083,142.05700000000002,0.0012,0.0012
13.11.2023 06:32:15.106 GMT-0800,142.104,142.056,0.0012,0.0012
13.11.2023 06:32:15.266 GMT-0800,142.094,142.056,0.0012,0.0012
13.11.2023 06:32:15.386 GMT-0800,142.083,142.047,0.0012,0.0012
13.11.2023 06:32:15.439 GMT-0800,142.074,142.026,0.0012,0.0012
13.11.2023 06:32:15.613 GMT-0800,142.054,142.01600000000002,0.0012,0.0012
13.11.2023 06:32:15.734 GMT-0800,142.094,142.04600000000002,0.0012,0.0012
13.11.2023 06:32:15.785 GMT-0800,142.104,142.066,0.0012,0.0012
13.11.2023 06:32:16.088 GMT-0800,142.083,142.067,0.0012,0.0012
13.11.2023 06:32:16.139 GMT-0800,142.103,142.077,0.0012,0.0012
13.11.2023 06:32:16.265 GMT-0800,142.094,142.076,0.0012,0.0012
13.11.2023 06:32:16.316 GMT-0800,142.104,142.076,0.0012,0.0012
13.11.2023 06:32:16.367 GMT-0800,142.113,142.077,0.0012,0.0012
13.11.2023 06:32:16.548 GMT-0800,142.114,142.086,0.0012,0.0012
13.11.2023 06:32:16.598 GMT-0800,142.124,142.086,0.0012,0.0012
13.11.2023 06:32:16.712 GMT-0800,142.124,142.106,0.0012,0.0012
13.11.2023 06:32:16.762 GMT-0800,142.143,142.107,0.0012,0.0012
13.11.2023 06:32:17.238 GMT-0800,142.134,142.106,0.0012,0.0012
13.11.2023 06:32:17.289 GMT-0800,142.143,142.107,0.0012,0.0012
13.11.2023 06:32:17.457 GMT-0800,142.143,142.11700000000002,0.0012,0.0012
13.11.2023 06:32:17.507 GMT-0800,142.143,142.107,0.0012,0.0012
13.11.2023 06:32:17.643 GMT-0800,142.124,142.106,0.0012,0.0012
13.11.2023 06:32:17.712 GMT-0800,142.123,142.097,0.0012,0.0012
13.11.2023 06:32:17.764 GMT-0800,142.113,142.067,0.0012,0.0012
13.11.2023 06:32:17.911 GMT-0800,142.094,142.066,0.0012,0.0012
13.11.2023 06:32:18.054 GMT-0800,142.104,142.066,0.0012,0.0012
13.11.2023 06:32:18.105 GMT-0800,142.124,142.086,0.0012,0.0012
13.11.2023 06:32:18.224 GMT-0800,142.103,142.077,0.0012,0.0012
13.11.2023 06:32:18.281 GMT-0800,142.113,142.077,0.0012,0.0012
13.11.2023 06:32:18.458 GMT-0800,142.094,142.076,0.0012,0.0012
13.11.2023 06:32:18.509 GMT-0800,142.094,142.066,0.0012,0.0012
13.11.2023 06:32:18.593 GMT-0800,142.103,142.067,0.0012,0.0012
13.11.2023 06:32:18.924 GMT-0800,142.094,142.066,0.0012,0.0012
13.11.2023 06:32:19.025 GMT-0800,142.103,142.067,0.0012,0.0012
13.11.2023 06:32:19.077 GMT-0800,142.094,142.066,0.0012,0.0012
13.11.2023 06:32:19.148 GMT-0800,142.083,142.047,0.0012,0.0012
13.11.2023 06:32:19.198 GMT-0800,142.064,142.036,0.0012,0.0012
13.11.2023 06:32:19.249 GMT-0800,142.074,142.036,0.0012,0.0012
13.11.2023 06:32:19.495 GMT-0800,142.064,142.01600000000002,0.0012,0.0012
13.11.2023 06:32:19.545 GMT-0800,142.054,142.01600000000002,0.0012,0.0012
13.11.2023 06:32:19.791 GMT-0800,142.033,141.997,0.0012,0.0012
13.11.2023 06:32:19.841 GMT-0800,142.034,141.98600000000002,0.0012,0.0012
13.11.2023 06:32:20.102 GMT-0800,142.013,141.98700000000002,0.0012,0.0012
13.11.2023 06:32:20.153 GMT-0800,142.014,141.966,0.0012,0.0012
13.11.2023 06:32:20.269 GMT-0800,142.014,141.976,0.0012,0.0012
13.11.2023 06:32:20.537 GMT-0800,142.014,141.98600000000002,0.0012,0.0012
13.11.2023 06:32:20.587 GMT-0800,142.003,141.967,0.0012,0.0012
13.11.2023 06:32:20.689 GMT-0800,141.993,141.95700000000002,0.0012,0.0012
13.11.2023 06:32:20.837 GMT-0800,141.974,141.936,0.0012,0.0012
13.11.2023 06:32:21.144 GMT-0800,141.97299999999998,141.947,0.0012,0.0012
13.11.2023 06:32:21.195 GMT-0800,141.97299999999998,141.937,0.0012,0.0012
13.11.2023 06:32:21.382 GMT-0800,141.963,141.92700000000002,0.0012,0.0012
13.11.2023 06:32:21.690 GMT-0800,141.94299999999998,141.92700000000002,0.0012,0.0012
13.11.2023 06:32:21.741 GMT-0800,141.94299999999998,141.917,0.0012,0.0012
13.11.2023 06:32:21.985 GMT-0800,141.953,141.917,0.0012,0.0012
13.11.2023 06:32:22.036 GMT-0800,141.953,141.92700000000002,0.0012,0.0012
13.11.2023 06:32:22.188 GMT-0800,141.94299999999998,141.907,0.0012,0.0012
13.11.2023 06:32:22.240 GMT-0800,141.984,141.946,0.0012,0.0012
13.11.2023 06:32:22.341 GMT-0800,141.983,141.937,0.0012,0.0012
13.11.2023 06:32:22.453 GMT-0800,141.983,141.947,0.0012,0.0012
13.11.2023 06:32:22.585 GMT-0800,141.984,141.936,0.0012,0.0012
13.11.2023 06:32:22.636 GMT-0800,141.993,141.947,0.0012,0.0012
13.11.2023 06:32:22.857 GMT-0800,141.993,141.967,0.0012,0.0012
13.11.2023 06:32:22.908 GMT-0800,142.004,141.966,0.0012,0.0012
13.11.2023 06:32:23.009 GMT-0800,142.034,141.976,0.0012,0.0012
13.11.2023 06:32:23.059 GMT-0800,142.034,141.98600000000002,0.0012,0.0012
13.11.2023 06:32:23.578 GMT-0800,142.024,141.98600000000002,0.0012,0.0012
13.11.2023 06:32:23.667 GMT-0800,142.034,141.98600000000002,0.0012,0.0012
13.11.2023 06:32:23.718 GMT-0800,142.033,141.997,0.0012,0.0012
13.11.2023 06:32:23.838 GMT-0800,142.044,142.006,0.0012,0.0012
13.11.2023 06:32:24.013 GMT-0800,142.033,142.007,0.0012,0.0012
13.11.2023 06:32:24.234 GMT-0800,142.044,142.006,0.0012,0.0012
13.11.2023 06:32:24.285 GMT-0800,142.053,142.01700000000002,0.0012,0.0012
13.11.2023 06:32:24.386 GMT-0800,142.074,142.036,0.0012,0.0012
13.11.2023 06:32:24.487 GMT-0800,142.084,142.036,0.0012,0.0012
13.11.2023 06:32:24.602 GMT-0800,142.073,142.037,0.0012,0.0012
13.11.2023 06:32:24.653 GMT-0800,142.083,142.037,0.0012,0.0012
13.11.2023 06:32:24.729 GMT-0800,142.074,142.036,0.0012,0.0012
13.11.2023 06:32:25.083 GMT-0800,142.053,142.01700000000002,0.0012,0.0012
13.11.2023 06:32:25.197 GMT-0800,142.053,142.007,0.0012,0.0012
13.11.2023 06:32:25.405 GMT-0800,142.033,141.98700000000002,0.0012,0.0012
13.11.2023 06:32:25.466 GMT-0800,142.043,141.98700000000002,0.0012,0.0012
13.11.2023 06:32:25.549 GMT-0800,142.044,141.996,0.0012,0.0012
13.11.2023 06:32:25.650 GMT-0800,142.034,141.996,0.0012,0.0012
13.11.2023 06:32:25.882 GMT-0800,142.024,141.996,0.0012,0.0012
13.11.2023 06:32:25.935 GMT-0800,142.003,141.967,0.0012,0.0012
13.11.2023 06:32:26.349 GMT-0800,142.004,141.95600000000002,0.0012,0.0012
13.11.2023 06:32:26.500 GMT-0800,141.993,141.947,0.0012,0.0012
13.11.2023 06:32:26.551 GMT-0800,141.994,141.936,0.0012,0.0012
13.11.2023 06:32:26.703 GMT-0800,141.994,141.946,0.0012,0.0012
13.11.2023 06:32:26.755 GMT-0800,141.994,141.936,0.0012,0.0012
13.11.2023 06:32:26.895 GMT-0800,141.993,141.947,0.0012,0.0012
13.11.2023 06:32:27.020 GMT-0800,141.984,141.946,0.0012,0.0012
13.11.2023 06:32:27.121 GMT-0800,141.993,141.967,0.0012,0.0012
13.11.2023 06:32:27.271 GMT-0800,141.984,141.946,0.0012,0.0012
13.11.2023 06:32:27.508 GMT-0800,141.954,141.916,0.0012,0.0012
13.11.2023 06:32:28.112 GMT-0800,141.963,141.92700000000002,0.0012,0.0012
13.11.2023 06:32:28.162 GMT-0800,141.963,141.917,0.0012,0.0012
13.11.2023 06:32:28.213 GMT-0800,141.963,141.92700000000002,0.0012,0.0012
13.11.2023 06:32:28.314 GMT-0800,141.963,141.917,0.0012,0.0012
13.11.2023 06:32:28.364 GMT-0800,141.984,141.946,0.0012,0.0012
13.11.2023 06:32:28.432 GMT-0800,141.994,141.946,0.0012,0.0012
13.11.2023 06:32:28.482 GMT-0800,142.003,141.95700000000002,0.0012,0.0012
13.11.2023 06:32:28.611 GMT-0800,141.994,141.95600000000002,0.0012,0.0012
13.11.2023 06:32:28.666 GMT-0800,142.003,141.95700000000002,0.0012,0.0012
13.11.2023 06:32:28.802 GMT-0800,141.993,141.95700000000002,0.0012,0.0012
13.11.2023 06:32:28.857 GMT-0800,142.003,141.95700000000002,0.0012,0.0012
13.11.2023 06:32:29.258 GMT-0800,141.994,141.95600000000002,0.0012,0.0012
13.11.2023 06:32:29.318 GMT-0800,142.004,141.95600000000002,0.0012,0.0012
13.11.2023 06:32:29.398 GMT-0800,141.97299999999998,141.937,0.0012,0.0012
13.11.2023 06:32:29.449 GMT-0800,141.97299999999998,141.92700000000002,0.0012,0.0012
13.11.2023 06:32:29.562 GMT-0800,141.963,141.92700000000002,0.0012,0.0012
13.11.2023 06:32:29.774 GMT-0800,141.964,141.916,0.0012,0.0012
13.11.2023 06:32:30.735 GMT-0800,141.963,141.92700000000002,0.0012,0.0012
13.11.2023 06:32:30.786 GMT-0800,141.964,141.916,0.0012,0.0012
13.11.2023 06:32:31.006 GMT-0800,141.953,141.917,0.0012,0.0012
13.11.2023 06:32:31.296 GMT-0800,141.953,141.92700000000002,0.0012,0.0012
13.11.2023 06:32:31.347 GMT-0800,141.953,141.917,0.0012,0.0012
13.11.2023 06:32:31.414 GMT-0800,141.933,141.89700000000002,0.0012,0.0012
13.11.2023 06:32:31.515 GMT-0800,141.924,141.886,0.0012,0.0012
13.11.2023 06:32:31.753 GMT-0800,141.954,141.92600000000002,0.0012,0.0012
13.11.2023 06:32:31.804 GMT-0800,141.963,141.92700000000002,0.0012,0.0012
13.11.2023 06:32:31.855 GMT-0800,141.964,141.916,0.0012,0.0012
13.11.2023 06:32:32.230 GMT-0800,141.934,141.906,0.0012,0.0012
13.11.2023 06:32:32.731 GMT-0800,141.934,141.89600000000002,0.0012,0.0012
13.11.2023 06:32:32.943 GMT-0800,141.91299999999998,141.887,0.0012,0.0012
13.11.2023 06:32:33.148 GMT-0800,141.903,141.86700000000002,0.0012,0.0012
13.11.2023 06:32:33.329 GMT-0800,141.884,141.856,0.0012,0.0012
13.11.2023 06:32:33.480 GMT-0800,141.904,141.866,0.0012,0.0012
13.11.2023 06:32:33.577 GMT-0800,141.904,141.876,0.0012,0.0012
13.11.2023 06:32:34.030 GMT-0800,141.894,141.856,0.0012,0.0012
13.11.2023 06:32:34.205 GMT-0800,141.903,141.86700000000002,0.0012,0.0012
13.11.2023 06:32:34.282 GMT-0800,141.903,141.857,0.0012,0.0012
13.11.2023 06:32:34.478 GMT-0800,141.893,141.857,0.0012,0.0012
13.11.2023 06:32:34.529 GMT-0800,141.854,141.816,0.0012,0.0012
13.11.2023 06:32:34.630 GMT-0800,141.874,141.826,0.0012,0.0012
13.11.2023 06:32:34.815 GMT-0800,141.874,141.836,0.0012,0.0012
13.11.2023 06:32:34.916 GMT-0800,141.864,141.826,0.0012,0.0012
13.11.2023 06:32:35.039 GMT-0800,141.874,141.836,0.0012,0.0012
13.11.2023 06:32:35.156 GMT-0800,141.864,141.836,0.0012,0.0012
13.11.2023 06:32:35.430 GMT-0800,141.863,141.827,0.0012,0.0012
13.11.2023 06:32:35.518 GMT-0800,141.863,141.83700000000002,0.0012,0.0012
13.11.2023 06:32:35.568 GMT-0800,141.864,141.826,0.0012,0.0012
13.11.2023 06:32:35.670 GMT-0800,141.874,141.836,0.0012,0.0012
13.11.2023 06:32:35.800 GMT-0800,141.894,141.856,0.0012,0.0012
13.11.2023 06:32:35.851 GMT-0800,141.904,141.856,0.0012,0.0012
13.11.2023 06:32:35.901 GMT-0800,141.903,141.86700000000002,0.0012,0.0012
13.11.2023 06:32:36.232 GMT-0800,141.903,141.877,0.0012,0.0012
13.11.2023 06:32:36.285 GMT-0800,141.904,141.866,0.0012,0.0012
13.11.2023 06:32:36.447 GMT-0800,141.94299999999998,141.89700000000002,0.0012,0.0012
13.11.2023 06:32:36.498 GMT-0800,141.94299999999998,141.907,0.0012,0.0012
13.11.2023 06:32:36.682 GMT-0800,141.963,141.907,0.0012,0.0012
13.11.2023 06:32:37.161 GMT-0800,141.953,141.907,0.0012,0.0012
13.11.2023 06:32:37.325 GMT-0800,141.953,141.917,0.0012,0.0012
13.11.2023 06:32:37.438 GMT-0800,141.944,141.916,0.0012,0.0012
13.11.2023 06:32:37.489 GMT-0800,141.953,141.917,0.0012,0.0012
13.11.2023 06:32:37.540 GMT-0800,141.97299999999998,141.937,0.0012,0.0012
13.11.2023 06:32:39.790 GMT-0800,141.963,141.937,0.0012,0.0012
13.11.2023 06:32:40.152 GMT-0800,141.953,141.917,0.0012,0.0012
13.11.2023 06:32:40.202 GMT-0800,141.934,141.89600000000002,0.0012,0.0012
13.11.2023 06:32:40.372 GMT-0800,141.923,141.89700000000002,0.0012,0.0012
13.11.2023 06:32:40.473 GMT-0800,141.944,141.916,0.0012,0.0012
13.11.2023 06:32:40.581 GMT-0800,141.934,141.906,0.0012,0.0012
13.11.2023 06:32:40.682 GMT-0800,141.94299999999998,141.907,0.0012,0.0012
13.11.2023 06:32:40.733 GMT-0800,141.933,141.907,0.0012,0.0012
13.11.2023 06:32:41.340 GMT-0800,141.934,141.89600000000002,0.0012,0.0012
13.11.2023 06:32:41.441 GMT-0800,141.923,141.89700000000002,0.0012,0.0012
13.11.2023 06:32:41.492 GMT-0800,141.934,141.89600000000002,0.0012,0.0012
13.11.2023 06:32:42.481 GMT-0800,141.94299999999998,141.907,0.0012,0.0012
13.11.2023 06:32:42.582 GMT-0800,141.944,141.916,0.0012,0.0012
13.11.2023 06:32:43.005 GMT-0800,141.97299999999998,141.937,0.0012,0.0012
13.11.2023 06:32:43.159 GMT-0800,141.94299999999998,141.89700000000002,0.0012,0.0012
13.11.2023 06:32:43.209 GMT-0800,141.933,141.887,0.0012,0.0012
13.11.2023 06:32:43.392 GMT-0800,141.934,141.876,0.0012,0.0012
13.11.2023 06:32:43.443 GMT-0800,141.923,141.877,0.0012,0.0012
13.11.2023 06:32:43.625 GMT-0800,141.893,141.857,0.0012,0.0012
13.11.2023 06:32:43.991 GMT-0800,141.904,141.866,0.0012,0.0012
13.11.2023 06:32:44.042 GMT-0800,141.904,141.856,0.0012,0.0012
13.11.2023 06:32:44.186 GMT-0800,141.904,141.846,0.0012,0.0012
13.11.2023 06:32:44.237 GMT-0800,141.904,141.856,0.0012,0.0012
13.11.2023 06:32:44.544 GMT-0800,141.904,141.866,0.0012,0.0012
13.11.2023 06:32:44.594 GMT-0800,141.903,141.857,0.0012,0.0012
13.11.2023 06:32:44.789 GMT-0800,141.903,141.86700000000002,0.0012,0.0012
13.11.2023 06:32:44.840 GMT-0800,141.903,141.857,0.0012,0.0012
13.11.2023 06:32:45.019 GMT-0800,141.894,141.856,0.0012,0.0012
13.11.2023 06:32:45.070 GMT-0800,141.854,141.826,0.0012,0.0012
13.11.2023 06:32:45.121 GMT-0800,141.864,141.826,0.0012,0.0012
13.11.2023 06:32:45.309 GMT-0800,141.874,141.836,0.0012,0.0012
13.11.2023 06:32:45.430 GMT-0800,141.863,141.83700000000002,0.0012,0.0012
13.11.2023 06:32:45.481 GMT-0800,141.874,141.836,0.0012,0.0012
13.11.2023 06:32:45.839 GMT-0800,141.883,141.847,0.0012,0.0012
13.11.2023 06:32:45.889 GMT-0800,141.893,141.847,0.0012,0.0012
13.11.2023 06:32:45.949 GMT-0800,141.893,141.857,0.0012,0.0012
13.11.2023 06:32:46.034 GMT-0800,141.894,141.846,0.0012,0.0012
13.11.2023 06:32:46.722 GMT-0800,141.903,141.86700000000002,0.0012,0.0012
13.11.2023 06:32:46.772 GMT-0800,141.903,141.857,0.0012,0.0012
13.11.2023 06:32:47.378 GMT-0800,141.904,141.866,0.0012,0.0012
13.11.2023 06:32:47.428 GMT-0800,141.903,141.857,0.0012,0.0012
13.11.2023 06:32:47.479 GMT-0800,141.91299999999998,141.86700000000002,0.0012,0.0012
13.11.2023 06:32:47.740 GMT-0800,141.894,141.866,0.0012,0.0012
13.11.2023 06:32:47.791 GMT-0800,141.884,141.836,0.0012,0.0012
13.11.2023 06:32:47.842 GMT-0800,141.873,141.83700000000002,0.0012,0.0012
13.11.2023 06:32:47.958 GMT-0800,141.864,141.826,0.0012,0.0012
13.11.2023 06:32:48.105 GMT-0800,141.834,141.79600000000002,0.0012,0.0012
13.11.2023 06:32:48.411 GMT-0800,141.844,141.79600000000002,0.0012,0.0012
13.11.2023 06:32:48.898 GMT-0800,141.853,141.797,0.0012,0.0012
13.11.2023 06:32:48.948 GMT-0800,141.844,141.79600000000002,0.0012,0.0012
13.11.2023 06:32:49.108 GMT-0800,141.833,141.797,0.0012,0.0012
13.11.2023 06:32:49.743 GMT-0800,141.824,141.786,0.0012,0.0012
13.11.2023 06:32:49.851 GMT-0800,141.803,141.76700000000002,0.0012,0.0012
13.11.2023 06:32:49.971 GMT-0800,141.793,141.76700000000002,0.0012,0.0012
13.11.2023 06:32:50.118 GMT-0800,141.803,141.76700000000002,0.0012,0.0012
13.11.2023 06:32:50.280 GMT-0800,141.803,141.77700000000002,0.0012,0.0012
13.11.2023 06:32:50.331 GMT-0800,141.804,141.76600000000002,0.0012,0.0012
13.11.2023 06:32:50.396 GMT-0800,141.804,141.776,0.0012,0.0012
13.11.2023 06:32:50.459 GMT-0800,141.804,141.76600000000002,0.0012,0.0012
13.11.2023 06:32:51.157 GMT-0800,141.803,141.77700000000002,0.0012,0.0012
13.11.2023 06:32:51.302 GMT-0800,141.823,141.787,0.0012,0.0012
13.11.2023 06:32:51.404 GMT-0800,141.853,141.80700000000002,0.0012,0.0012
13.11.2023 06:32:51.462 GMT-0800,141.854,141.816,0.0012,0.0012
13.11.2023 06:32:51.656 GMT-0800,141.844,141.806,0.0012,0.0012
13.11.2023 06:32:51.952 GMT-0800,141.823,141.77700000000002,0.0012,0.0012
13.11.2023 06:32:52.002 GMT-0800,141.813,141.77700000000002,0.0012,0.0012
13.11.2023 06:32:52.053 GMT-0800,141.813,141.76700000000002,0.0012,0.0012
13.11.2023 06:32:52.806 GMT-0800,141.784,141.76600000000002,0.0012,0.0012
13.11.2023 06:32:52.856 GMT-0800,141.803,141.77700000000002,0.0012,0.0012
13.11.2023 06:32:52.907 GMT-0800,141.794,141.756,0.0012,0.0012
13.11.2023 06:32:53.607 GMT-0800,141.784,141.756,0.0012,0.0012
13.11.2023 06:32:53.657 GMT-0800,141.753,141.727,0.0012,0.0012
13.11.2023 06:32:53.708 GMT-0800,141.763,141.727,0.0012,0.0012
13.11.2023 06:32:53.761 GMT-0800,141.784,141.746,0.0012,0.0012
13.11.2023 06:32:53.862 GMT-0800,141.794,141.746,0.0012,0.0012
13.11.2023 06:32:54.015 GMT-0800,141.793,141.757,0.0012,0.0012
13.11.2023 06:32:54.761 GMT-0800,141.783,141.747,0.0012,0.0012
13.11.2023 06:32:54.871 GMT-0800,141.764,141.716,0.0012,0.0012
13.11.2023 06:32:55.053 GMT-0800,141.783,141.73700000000002,0.0012,0.0012
13.11.2023 06:32:55.154 GMT-0800,141.794,141.756,0.0012,0.0012
13.11.2023 06:32:55.375 GMT-0800,141.794,141.746,0.0012,0.0012
13.11.2023 06:32:55.726 GMT-0800,141.783,141.747,0.0012,0.0012
13.11.2023 06:32:55.827 GMT-0800,141.793,141.757,0.0012,0.0012
13.11.2023 06:32:56.037 GMT-0800,141.793,141.77700000000002,0.0012,0.0012
13.11.2023 06:32:56.088 GMT-0800,141.783,141.757,0.0012,0.0012
13.11.2023 06:32:56.138 GMT-0800,141.793,141.77700000000002,0.0012,0.0012
13.11.2023 06:32:56.558 GMT-0800,141.804,141.76600000000002,0.0012,0.0012
13.11.2023 06:32:56.940 GMT-0800,141.793,141.757,0.0012,0.0012
13.11.2023 06:32:56.991 GMT-0800,141.784,141.73600000000002,0.0012,0.0012
13.11.2023 06:32:57.332 GMT-0800,141.784,141.746,0.0012,0.0012
13.11.2023 06:32:58.638 GMT-0800,141.803,141.76700000000002,0.0012,0.0012
13.11.2023 06:32:58.688 GMT-0800,141.854,141.806,0.0012,0.0012
13.11.2023 06:32:58.789 GMT-0800,141.864,141.806,0.0012,0.0012
13.11.2023 06:32:58.840 GMT-0800,141.863,141.817,0.0012,0.0012
13.11.2023 06:32:59.452 GMT-0800,141.873,141.827,0.0012,0.0012
13.11.2023 06:32:59.781 GMT-0800,141.874,141.836,0.0012,0.0012
13.11.2023 06:33:00.288 GMT-0800,141.904,141.856,0.0012,0.0012
13.11.2023 06:33:00.338 GMT-0800,141.91299999999998,141.86700000000002,0.0012,0.0012
13.11.2023 06:33:00.439 GMT-0800,141.933,141.887,0.0012,0.0012
13.11.2023 06:33:01.166 GMT-0800,141.94299999999998,141.89700000000002,0.0012,0.0012
13.11.2023 06:33:01.283 GMT-0800,141.94299999999998,141.917,0.0012,0.0012
13.11.2023 06:33:01.465 GMT-0800,141.974,141.92600000000002,0.0012,0.0012
13.11.2023 06:33:01.571 GMT-0800,141.963,141.92700000000002,0.0012,0.0012
13.11.2023 06:33:01.673 GMT-0800,141.993,141.947,0.0012,0.0012
13.11.2023 06:33:01.892 GMT-0800,141.994,141.95600000000002,0.0012,0.0012
13.11.2023 06:33:01.963 GMT-0800,141.994,141.946,0.0012,0.0012
13.11.2023 06:33:02.061 GMT-0800,141.994,141.95600000000002,0.0012,0.0012
13.11.2023 06:33:02.276 GMT-0800,141.993,141.947,0.0012,0.0012
13.11.2023 06:33:02.400 GMT-0800,141.993,141.95700000000002,0.0012,0.0012
13.11.2023 06:33:02.543 GMT-0800,142.004,141.95600000000002,0.0012,0.0012
13.11.2023 06:33:02.751 GMT-0800,141.963,141.92700000000002,0.0012,0.0012
13.11.2023 06:33:03.110 GMT-0800,141.954,141.906,0.0012,0.0012
13.11.2023 06:33:03.654 GMT-0800,141.954,141.916,0.0012,0.0012
13.11.2023 06:33:03.704 GMT-0800,141.954,141.906,0.0012,0.0012
13.11.2023 06:33:03.764 GMT-0800,141.964,141.906,0.0012,0.0012
13.11.2023 06:33:04.099 GMT-0800,141.964,141.92600000000002,0.0012,0.0012
13.11.2023 06:33:04.179 GMT-0800,141.963,141.917,0.0012,0.0012
13.11.2023 06:33:04.296 GMT-0800,141.963,141.92700000000002,0.0012,0.0012
13.11.2023 06:33:04.649 GMT-0800,141.963,141.917,0.0012,0.0012
13.11.2023 06:33:04.794 GMT-0800,141.964,141.92600000000002,0.0012,0.0012
13.11.2023 06:33:04.993 GMT-0800,141.963,141.917,0.0012,0.0012
13.11.2023 06:33:05.108 GMT-0800,141.964,141.92600000000002,0.0012,0.0012
13.11.2023 06:33:05.159 GMT-0800,141.91299999999998,141.877,0.0012,0.0012
13.11.2023 06:33:05.260 GMT-0800,141.923,141.887,0.0012,0.0012
13.11.2023 06:33:05.370 GMT-0800,141.923,141.877,0.0012,0.0012
13.11.2023 06:33:05.470 GMT-0800,141.944,141.906,0.0012,0.0012
13.11.2023 06:33:05.521 GMT-0800,141.94299999999998,141.89700000000002,0.0012,0.0012
13.11.2023 06:33:05.694 GMT-0800,141.94299999999998,141.907,0.0012,0.0012
13.11.2023 06:33:05.823 GMT-0800,141.944,141.89600000000002,0.0012,0.0012
13.11.2023 06:33:05.922 GMT-0800,141.944,141.906,0.0012,0.0012
13.11.2023 06:33:06.023 GMT-0800,141.963,141.92700000000002,0.0012,0.0012
13.11.2023 06:33:06.246 GMT-0800,141.94299999999998,141.907,0.0012,0.0012
13.11.2023 06:33:07.042 GMT-0800,141.944,141.89600000000002,0.0012,0.0012
13.11.2023 06:33:07.323 GMT-0800,141.924,141.886,0.0012,0.0012
13.11.2023 06:33:07.374 GMT-0800,141.914,141.866,0.0012,0.0012
13.11.2023 06:33:07.526 GMT-0800,141.924,141.886,0.0012,0.0012
13.11.2023 06:33:07.589 GMT-0800,141.923,141.877,0.0012,0.0012
13.11.2023 06:33:08.281 GMT-0800,141.91299999999998,141.877,0.0012,0.0012
13.11.2023 06:33:08.382 GMT-0800,141.893,141.857,0.0012,0.0012
13.11.2023 06:33:08.919 GMT-0800,141.884,141.846,0.0012,0.0012
13.11.2023 06:33:09.264 GMT-0800,141.903,141.86700000000002,0.0012,0.0012
13.11.2023 06:33:09.404 GMT-0800,141.903,141.857,0.0012,0.0012
13.11.2023 06:33:09.480 GMT-0800,141.903,141.86700000000002,0.0012,0.0012
13.11.2023 06:33:09.619 GMT-0800,141.903,141.857,0.0012,0.0012
13.11.2023 06:33:09.767 GMT-0800,141.904,141.866,0.0012,0.0012
13.11.2023 06:33:10.027 GMT-0800,141.904,141.856,0.0012,0.0012
13.11.2023 06:33:10.497 GMT-0800,141.904,141.866,0.0012,0.0012
13.11.2023 06:33:10.557 GMT-0800,141.903,141.857,0.0012,0.0012
13.11.2023 06:33:10.729 GMT-0800,141.894,141.856,0.0012,0.0012
13.11.2023 06:33:11.020 GMT-0800,141.873,141.847,0.0012,0.0012
13.11.2023 06:33:11.070 GMT-0800,141.864,141.826,0.0012,0.0012
13.11.2023 06:33:11.188 GMT-0800,141.854,141.816,0.0012,0.0012
13.11.2023 06:33:11.460 GMT-0800,141.844,141.79600000000002,0.0012,0.0012
13.11.2023 06:33:11.512 GMT-0800,141.833,141.797,0.0012,0.0012
13.11.2023 06:33:11.638 GMT-0800,141.814,141.776,0.0012,0.0012
13.11.2023 06:33:11.804 GMT-0800,141.813,141.787,0.0012,0.0012
13.11.2023 06:33:12.272 GMT-0800,141.813,141.77700000000002,0.0012,0.0012
13.11.2023 06:33:12.323 GMT-0800,141.803,141.76700000000002,0.0012,0.0012
13.11.2023 06:33:12.424 GMT-0800,141.804,141.756,0.0012,0.0012
13.11.2023 06:33:12.696 GMT-0800,141.794,141.756,0.0012,0.0012
13.11.2023 06:33:12.796 GMT-0800,141.883,141.857,0.0012,0.0012
13.11.2023 06:33:12.847 GMT-0800,141.894,141.856,0.0012,0.0012
13.11.2023 06:33:12.952 GMT-0800,141.883,141.857,0.0012,0.0012
13.11.2023 06:33:13.003 GMT-0800,141.884,141.846,0.0012,0.0012
13.11.2023 06:33:13.154 GMT-0800,141.873,141.827,0.0012,0.0012
13.11.2023 06:33:13.205 GMT-0800,141.844,141.806,0.0012,0.0012
13.11.2023 06:33:13.362 GMT-0800,141.834,141.79600000000002,0.0012,0.0012
13.11.2023 06:33:13.412 GMT-0800,141.834,141.786,0.0012,0.0012
13.11.2023 06:33:13.463 GMT-0800,141.823,141.77700000000002,0.0012,0.0012
13.11.2023 06:33:14.201 GMT-0800,141.813,141.76700000000002,0.0012,0.0012
13.11.2023 06:33:14.414 GMT-0800,141.824,141.79600000000002,0.0012,0.0012
13.11.2023 06:33:14.465 GMT-0800,141.823,141.787,0.0012,0.0012
13.11.2023 06:33:14.616 GMT-0800,141.823,141.797,0.0012,0.0012
13.11.2023 06:33:14.667 GMT-0800,141.863,141.817,0.0012,0.0012
13.11.2023 06:33:14.726 GMT-0800,141.863,141.80700000000002,0.0012,0.0012
13.11.2023 06:33:14.776 GMT-0800,141.854,141.836,0.0012,0.0012
13.11.2023 06:33:14.907 GMT-0800,141.843,141.817,0.0012,0.0012
13.11.2023 06:33:14.958 GMT-0800,141.843,141.797,0.0012,0.0012
13.11.2023 06:33:16.001 GMT-0800,141.864,141.826,0.0012,0.0012
13.11.2023 06:33:16.102 GMT-0800,141.864,141.836,0.0012,0.0012
13.11.2023 06:33:16.191 GMT-0800,141.883,141.847,0.0012,0.0012
13.11.2023 06:33:16.348 GMT-0800,141.904,141.856,0.0012,0.0012
13.11.2023 06:33:16.725 GMT-0800,141.893,141.857,0.0012,0.0012
13.11.2023 06:33:16.829 GMT-0800,141.894,141.846,0.0012,0.0012
13.11.2023 06:33:17.062 GMT-0800,141.873,141.83700000000002,0.0012,0.0012
13.11.2023 06:33:17.113 GMT-0800,141.884,141.836,0.0012,0.0012
13.11.2023 06:33:17.512 GMT-0800,141.914,141.866,0.0012,0.0012
13.11.2023 06:33:18.160 GMT-0800,141.884,141.866,0.0012,0.0012
13.11.2023 06:33:18.639 GMT-0800,141.91299999999998,141.877,0.0012,0.0012
13.11.2023 06:33:18.914 GMT-0800,141.924,141.886,0.0012,0.0012
13.11.2023 06:33:18.965 GMT-0800,141.944,141.886,0.0012,0.0012
13.11.2023 06:33:19.027 GMT-0800,141.933,141.887,0.0012,0.0012
13.11.2023 06:33:19.259 GMT-0800,141.923,141.887,0.0012,0.0012
13.11.2023 06:33:19.318 GMT-0800,141.91299999999998,141.86700000000002,0.0012,0.0012
13.11.2023 06:33:19.488 GMT-0800,141.923,141.86700000000002,0.0012,0.0012
13.11.2023 06:33:19.547 GMT-0800,141.914,141.866,0.0012,0.0012
13.11.2023 06:33:19.750 GMT-0800,141.91299999999998,141.877,0.0012,0.0012
13.11.2023 06:33:19.851 GMT-0800,141.944,141.89600000000002,0.0012,0.0012
13.11.2023 06:33:19.952 GMT-0800,141.953,141.907,0.0012,0.0012
13.11.2023 06:33:20.088 GMT-0800,141.944,141.906,0.0012,0.0012
13.11.2023 06:33:20.140 GMT-0800,141.953,141.907,0.0012,0.0012
13.11.2023 06:33:20.191 GMT-0800,141.953,141.917,0.0012,0.0012
13.11.2023 06:33:20.297 GMT-0800,141.983,141.947,0.0012,0.0012
13.11.2023 06:33:20.741 GMT-0800,141.974,141.946,0.0012,0.0012
13.11.2023 06:33:20.842 GMT-0800,141.984,141.95600000000002,0.0012,0.0012
13.11.2023 06:33:21.180 GMT-0800,142.004,141.966,0.0012,0.0012
13.11.2023 06:33:21.230 GMT-0800,142.004,141.976,0.0012,0.0012
13.11.2023 06:33:21.281 GMT-0800,142.004,141.966,0.0012,0.0012
13.11.2023 06:33:21.427 GMT-0800,142.003,141.977,0.0012,0.0012
13.11.2023 06:33:21.478 GMT-0800,142.004,141.966,0.0012,0.0012
13.11.2023 06:33:21.610 GMT-0800,142.003,141.977,0.0012,0.0012
13.11.2023 06:33:21.660 GMT-0800,142.003,141.967,0.0012,0.0012
13.11.2023 06:33:21.722 GMT-0800,142.003,141.977,0.0012,0.0012
13.11.2023 06:33:21.773 GMT-0800,142.004,141.966,0.0012,0.0012
13.11.2023 06:33:21.824 GMT-0800,142.014,141.976,0.0012,0.0012
13.11.2023 06:33:21.925 GMT-0800,142.023,141.977,0.0012,0.0012
13.11.2023 06:33:22.153 GMT-0800,141.993,141.967,0.0012,0.0012
13.11.2023 06:33:22.254 GMT-0800,141.993,141.95700000000002,0.0012,0.0012
13.11.2023 06:33:22.461 GMT-0800,141.983,141.95700000000002,0.0012,0.0012
13.11.2023 06:33:22.512 GMT-0800,141.994,141.95600000000002,0.0012,0.0012
13.11.2023 06:33:22.584 GMT-0800,141.983,141.95700000000002,0.0012,0.0012
13.11.2023 06:33:22.635 GMT-0800,141.993,141.95700000000002,0.0012,0.0012
13.11.2023 06:33:22.828 GMT-0800,141.984,141.946,0.0012,0.0012
13.11.2023 06:33:22.929 GMT-0800,141.953,141.92700000000002,0.0012,0.0012
13.11.2023 06:33:22.980 GMT-0800,141.984,141.946,0.0012,0.0012
13.11.2023 06:33:23.030 GMT-0800,141.974,141.936,0.0012,0.0012
13.11.2023 06:33:23.081 GMT-0800,141.983,141.937,0.0012,0.0012
13.11.2023 06:33:23.132 GMT-0800,141.97299999999998,141.947,0.0012,0.0012
13.11.2023 06:33:23.182 GMT-0800,141.994,141.95600000000002,0.0012,0.0012
13.11.2023 06:33:23.384 GMT-0800,141.994,141.966,0.0012,0.0012
13.11.2023 06:33:23.435 GMT-0800,142.013,141.977,0.0012,0.0012
13.11.2023 06:33:23.782 GMT-0800,141.993,141.95700000000002,0.0012,0.0012
13.11.2023 06:33:24.071 GMT-0800,141.993,141.977,0.0012,0.0012
13.11.2023 06:33:24.122 GMT-0800,142.014,141.976,0.0012,0.0012
13.11.2023 06:33:24.276 GMT-0800,141.984,141.966,0.0012,0.0012
13.11.2023 06:33:24.406 GMT-0800,141.994,141.966,0.0012,0.0012
13.11.2023 06:33:24.456 GMT-0800,142.004,141.976,0.0012,0.0012
13.11.2023 06:33:24.557 GMT-0800,142.023,141.98700000000002,0.0012,0.0012
13.11.2023 06:33:24.608 GMT-0800,142.004,141.976,0.0012,0.0012
13.11.2023 06:33:24.658 GMT-0800,142.024,141.976,0.0012,0.0012
13.11.2023 06:33:24.727 GMT-0800,142.014,141.976,0.0012,0.0012
13.11.2023 06:33:24.923 GMT-0800,142.024,141.976,0.0012,0.0012
13.11.2023 06:33:24.973 GMT-0800,142.004,141.976,0.0012,0.0012
13.11.2023 06:33:25.831 GMT-0800,142.013,141.977,0.0012,0.0012
13.11.2023 06:33:25.882 GMT-0800,141.994,141.95600000000002,0.0012,0.0012
13.11.2023 06:33:25.983 GMT-0800,142.003,141.967,0.0012,0.0012
13.11.2023 06:33:26.034 GMT-0800,142.014,141.966,0.0012,0.0012
13.11.2023 06:33:26.107 GMT-0800,142.014,141.976,0.0012,0.0012
13.11.2023 06:33:26.158 GMT-0800,142.013,141.967,0.0012,0.0012
13.11.2023 06:33:26.540 GMT-0800,141.993,141.95700000000002,0.0012,0.0012
13.11.2023 06:33:26.700 GMT-0800,141.993,141.947,0.0012,0.0012
13.11.2023 06:33:27.958 GMT-0800,141.994,141.95600000000002,0.0012,0.0012
13.11.2023 06:33:28.183 GMT-0800,142.004,141.966,0.0012,0.0012
13.11.2023 06:33:28.975 GMT-0800,142.014,141.966,0.0012,0.0012
13.11.2023 06:33:29.264 GMT-0800,142.013,141.977,0.0012,0.0012
13.11.2023 06:33:29.314 GMT-0800,142.014,141.966,0.0012,0.0012
13.11.2023 06:33:29.383 GMT-0800,142.004,141.966,0.0012,0.0012
13.11.2023 06:33:29.660 GMT-0800,142.013,141.98700000000002,0.0012,0.0012
13.11.2023 06:33:30.260 GMT-0800,142.014,141.976,0.0012,0.0012
13.11.2023 06:33:30.521 GMT-0800,142.013,141.967,0.0012,0.0012
13.11.2023 06:33:30.572 GMT-0800,141.984,141.946,0.0012,0.0012
13.11.2023 06:33:30.673 GMT-0800,141.954,141.916,0.0012,0.0012
13.11.2023 06:33:30.808 GMT-0800,141.963,141.92700000000002,0.0012,0.0012
13.11.2023 06:33:30.950 GMT-0800,141.964,141.916,0.0012,0.0012
13.11.2023 06:33:31.228 GMT-0800,141.964,141.92600000000002,0.0012,0.0012
13.11.2023 06:33:31.387 GMT-0800,141.953,141.917,0.0012,0.0012
13.11.2023 06:33:31.985 GMT-0800,141.94299999999998,141.917,0.0012,0.0012
13.11.2023 06:33:32.035 GMT-0800,141.94299999999998,141.89700000000002,0.0012,0.0012
13.11.2023 06:33:32.086 GMT-0800,141.934,141.906,0.0012,0.0012
13.11.2023 06:33:32.158 GMT-0800,141.963,141.92700000000002,0.0012,0.0012
13.11.2023 06:33:32.340 GMT-0800,141.97299999999998,141.917,0.0012,0.0012
13.11.2023 06:33:32.408 GMT-0800,141.964,141.92600000000002,0.0012,0.0012
13.11.2023 06:33:32.513 GMT-0800,141.964,141.936,0.0012,0.0012
13.11.2023 06:33:32.613 GMT-0800,141.964,141.92600000000002,0.0012,0.0012
13.11.2023 06:33:32.944 GMT-0800,141.984,141.946,0.0012,0.0012
13.11.2023 06:33:33.250 GMT-0800,141.984,141.936,0.0012,0.0012
13.11.2023 06:33:33.301 GMT-0800,141.964,141.92600000000002,0.0012,0.0012
13.11.2023 06:33:33.937 GMT-0800,141.94299999999998,141.907,0.0012,0.0012
13.11.2023 06:33:34.038 GMT-0800,141.933,141.907,0.0012,0.0012
13.11.2023 06:33:34.091 GMT-0800,141.933,141.89700000000002,0.0012,0.0012
13.11.2023 06:33:34.400 GMT-0800,141.924,141.886,0.0012,0.0012
13.11.2023 06:33:34.451 GMT-0800,141.934,141.886,0.0012,0.0012
13.11.2023 06:33:34.501 GMT-0800,141.923,141.887,0.0012,0.0012
13.11.2023 06:33:34.708 GMT-0800,141.933,141.89700000000002,0.0012,0.0012
13.11.2023 06:33:35.948 GMT-0800,141.944,141.89600000000002,0.0012,0.0012
13.11.2023 06:33:36.000 GMT-0800,141.934,141.886,0.0012,0.0012
13.11.2023 06:33:36.192 GMT-0800,141.923,141.887,0.0012,0.0012
13.11.2023 06:33:36.293 GMT-0800,141.934,141.89600000000002,0.0012,0.0012
13.11.2023 06:33:36.619 GMT-0800,141.923,141.887,0.0012,0.0012
13.11.2023 06:33:36.862 GMT-0800,141.91299999999998,141.877,0.0012,0.0012
13.11.2023 06:33:36.913 GMT-0800,141.934,141.886,0.0012,0.0012
13.11.2023 06:33:37.222 GMT-0800,141.933,141.89700000000002,0.0012,0.0012
13.11.2023 06:33:37.279 GMT-0800,141.933,141.887,0.0012,0.0012
13.11.2023 06:33:37.448 GMT-0800,141.934,141.89600000000002,0.0012,0.0012
13.11.2023 06:33:37.683 GMT-0800,141.953,141.907,0.0012,0.0012
13.11.2023 06:33:37.842 GMT-0800,141.954,141.916,0.0012,0.0012
13.11.2023 06:33:37.926 GMT-0800,141.954,141.906,0.0012,0.0012
13.11.2023 06:33:37.976 GMT-0800,141.953,141.92700000000002,0.0012,0.0012
13.11.2023 06:33:38.027 GMT-0800,141.953,141.917,0.0012,0.0012
13.11.2023 06:33:38.518 GMT-0800,141.944,141.906,0.0012,0.0012
13.11.2023 06:33:38.797 GMT-0800,141.954,141.92600000000002,0.0012,0.0012
13.11.2023 06:33:39.219 GMT-0800,141.934,141.906,0.0012,0.0012
13.11.2023 06:33:39.270 GMT-0800,141.94299999999998,141.907,0.0012,0.0012
13.11.2023 06:33:39.676 GMT-0800,141.923,141.887,0.0012,0.0012
13.11.2023 06:33:39.777 GMT-0800,141.923,141.89700000000002,0.0012,0.0012
13.11.2023 06:33:40.267 GMT-0800,141.944,141.916,0.0012,0.0012
13.11.2023 06:33:40.318 GMT-0800,141.954,141.916,0.0012,0.0012
13.11.2023 06:33:40.632 GMT-0800,141.953,141.907,0.0012,0.0012
13.11.2023 06:33:40.682 GMT-0800,141.94299999999998,141.907,0.0012,0.0012
13.11.2023 06:33:40.897 GMT-0800,141.953,141.907,0.0012,0.0012
13.11.2023 06:33:40.987 GMT-0800,141.94299999999998,141.907,0.0012,0.0012
13.11.2023 06:33:41.115 GMT-0800,141.933,141.917,0.0012,0.0012
13.11.2023 06:33:41.473 GMT-0800,141.944,141.916,0.0012,0.0012
13.11.2023 06:33:41.619 GMT-0800,141.944,141.92600000000002,0.0012,0.0012
13.11.2023 06:33:41.670 GMT-0800,141.933,141.907,0.0012,0.0012
13.11.2023 06:33:41.950 GMT-0800,141.924,141.886,0.0012,0.0012
13.11.2023 06:33:42.473 GMT-0800,141.893,141.857,0.0012,0.0012
13.11.2023 06:33:42.858 GMT-0800,141.883,141.847,0.0012,0.0012
13.11.2023 06:33:43.052 GMT-0800,141.893,141.847,0.0012,0.0012
13.11.2023 06:33:43.272 GMT-0800,141.893,141.857,0.0012,0.0012
13.11.2023 06:33:43.567 GMT-0800,141.91299999999998,141.887,0.0012,0.0012
13.11.2023 06:33:43.618 GMT-0800,141.94299999999998,141.907,0.0012,0.0012
13.11.2023 06:33:43.706 GMT-0800,141.944,141.916,0.0012,0.0012
13.11.2023 06:33:43.838 GMT-0800,141.963,141.92700000000002,0.0012,0.0012
13.11.2023 06:33:43.888 GMT-0800,141.94299999999998,141.907,0.0012,0.0012
13.11.2023 06:33:44.028 GMT-0800,141.933,141.907,0.0012,0.0012
13.11.2023 06:33:44.079 GMT-0800,141.944,141.906,0.0012,0.0012
13.11.2023 06:33:44.214 GMT-0800,141.953,141.917,0.0012,0.0012
13.11.2023 06:33:44.586 GMT-0800,141.94299999999998,141.907,0.0012,0.0012
13.11.2023 06:33:44.908 GMT-0800,141.964,141.946,0.0012,0.0012
13.11.2023 06:33:44.964 GMT-0800,141.963,141.937,0.0012,0.0012
13.11.2023 06:33:45.065 GMT-0800,141.993,141.95700000000002,0.0012,0.0012
13.11.2023 06:33:45.115 GMT-0800,142.004,141.976,0.0012,0.0012
13.11.2023 06:33:45.166 GMT-0800,142.003,141.967,0.0012,0.0012
13.11.2023 06:33:45.262 GMT-0800,142.004,141.95600000000002,0.0012,0.0012
13.11.2023 06:33:45.318 GMT-0800,142.003,141.967,0.0012,0.0012
13.11.2023 06:33:45.419 GMT-0800,142.013,141.967,0.0012,0.0012
13.11.2023 06:33:45.469 GMT-0800,142.004,141.95600000000002,0.0012,0.0012
13.11.2023 06:33:45.570 GMT-0800,141.994,141.976,0.0012,0.0012
13.11.2023 06:33:45.621 GMT-0800,141.974,141.946,0.0012,0.0012
13.11.2023 06:33:45.847 GMT-0800,141.974,141.936,0.0012,0.0012
13.11.2023 06:33:45.948 GMT-0800,141.974,141.946,0.0012,0.0012
13.11.2023 06:33:45.999 GMT-0800,141.97299999999998,141.937,0.0012,0.0012
13.11.2023 06:33:46.051 GMT-0800,141.97299999999998,141.947,0.0012,0.0012
13.11.2023 06:33:46.573 GMT-0800,141.97299999999998,141.937,0.0012,0.0012
13.11.2023 06:33:46.623 GMT-0800,142.003,141.967,0.0012,0.0012
13.11.2023 06:33:46.879 GMT-0800,142.003,141.98700000000002,0.0012,0.0012
13.11.2023 06:33:46.941 GMT-0800,142.003,141.967,0.0012,0.0012
13.11.2023 06:33:47.127 GMT-0800,141.994,141.95600000000002,0.0012,0.0012
13.11.2023 06:33:47.228 GMT-0800,141.963,141.92700000000002,0.0012,0.0012
13.11.2023 06:33:47.341 GMT-0800,141.964,141.906,0.0012,0.0012
13.11.2023 06:33:47.392 GMT-0800,141.954,141.906,0.0012,0.0012
13.11.2023 06:33:47.598 GMT-0800,141.933,141.887,0.0012,0.0012
13.11.2023 06:33:47.771 GMT-0800,141.923,141.887,0.0012,0.0012
13.11.2023 06:33:47.872 GMT-0800,141.893,141.857,0.0012,0.0012
13.11.2023 06:33:47.994 GMT-0800,141.874,141.846,0.0012,0.0012
13.11.2023 06:33:48.062 GMT-0800,141.884,141.846,0.0012,0.0012
13.11.2023 06:33:48.113 GMT-0800,141.874,141.836,0.0012,0.0012
13.11.2023 06:33:48.214 GMT-0800,141.883,141.83700000000002,0.0012,0.0012
