Local time,Ask,Bid,AskVolume,BidVolume
13.11.2023 06:30:01.919 GMT-0800,207.61200000000002,206.498,0.0132,0.0132
13.11.2023 06:30:02.052 GMT-0800,207.532,206.498,0.0009,0.0132
13.11.2023 06:30:02.183 GMT-0800,207.532,206.918,0.0009,0.0009
13.11.2023 06:30:02.370 GMT-0800,207.61200000000002,206.918,0.009,0.0009
13.11.2023 06:30:02.428 GMT-0800,207.792,206.918,0.0132,0.0132
13.11.2023 06:30:02.543 GMT-0800,207.792,206.928,0.0132,0.0009
13.11.2023 06:30:03.749 GMT-0800,207.80200000000002,206.928,0.0132,0.0132
13.11.2023 06:30:04.758 GMT-0800,207.80200000000002,207.248,0.009,0.0009
13.11.2023 06:30:04.808 GMT-0800,207.532,206.938,0.0009,0.0009
13.11.2023 06:30:05.265 GMT-0800,207.80200000000002,207.198,0.009,0.0009
13.11.2023 06:30:05.481 GMT-0800,207.93200000000002,207.198,0.0132,0.0132
13.11.2023 06:30:05.899 GMT-0800,208.15200000000002,206.938,0.0132,0.0132
13.11.2023 06:30:06.325 GMT-0800,207.80200000000002,206.938,0.0009,0.0132
13.11.2023 06:30:07.723 GMT-0800,207.80200000000002,207.09799999999998,0.0132,0.0009
13.11.2023 06:30:10.814 GMT-0800,207.80200000000002,207.198,0.0132,0.0009
13.11.2023 06:30:13.707 GMT-0800,207.80200000000002,207.208,0.009,0.0009
13.11.2023 06:30:13.758 GMT-0800,208.15200000000002,207.198,0.0132,0.0132
13.11.2023 06:30:14.169 GMT-0800,208.162,207.198,0.0132,0.0132
13.11.2023 06:30:14.219 GMT-0800,208.15200000000002,207.198,0.0009,0.0132
13.11.2023 06:30:26.909 GMT-0800,208.11200000000002,207.198,0.0132,0.0132
13.11.2023 06:30:27.888 GMT-0800,208.162,207.198,0.0132,0.0132
13.11.2023 06:30:28.222 GMT-0800,208.15200000000002,207.198,0.0009,0.0132
13.11.2023 06:30:28.841 GMT-0800,208.14200000000002,207.198,0.0009,0.0132
13.11.2023 06:30:28.892 GMT-0800,208.162,207.198,0.0132,0.0132
13.11.2023 06:30:29.062 GMT-0800,208.14200000000002,207.198,0.0009,0.0132
13.11.2023 06:30:35.044 GMT-0800,208.14200000000002,207.238,0.0132,0.0009
13.11.2023 06:30:41.827 GMT-0800,207.58200000000002,207.238,0.0009,0.0132
13.11.2023 06:30:41.878 GMT-0800,208.11200000000002,207.238,0.0132,0.0132
13.11.2023 06:30:55.885 GMT-0800,208.122,207.238,0.0132,0.0132
13.11.2023 06:30:59.798 GMT-0800,208.092,207.238,0.0009,0.0132
13.11.2023 06:30:59.851 GMT-0800,208.102,207.238,0.0009,0.0132
13.11.2023 06:31:06.486 GMT-0800,208.092,207.238,0.0009,0.0132
13.11.2023 06:31:06.537 GMT-0800,208.102,207.238,0.0132,0.0132
13.11.2023 06:31:13.647 GMT-0800,208.092,207.238,0.0009,0.0132
13.11.2023 06:31:23.111 GMT-0800,207.512,207.238,0.0009,0.009
13.11.2023 06:31:23.162 GMT-0800,207.412,206.508,0.0132,0.009
13.11.2023 06:31:23.213 GMT-0800,207.412,206.278,0.0132,0.0132
13.11.2023 06:31:23.519 GMT-0800,207.412,206.168,0.0132,0.0132
13.11.2023 06:31:24.903 GMT-0800,207.512,206.168,0.0132,0.0132
13.11.2023 06:31:48.762 GMT-0800,207.512,206.278,0.0132,0.0009
13.11.2023 06:32:02.732 GMT-0800,207.55200000000002,206.278,0.0132,0.0132
13.11.2023 06:32:10.054 GMT-0800,207.55200000000002,206.508,0.0132,0.0009
13.11.2023 06:32:10.281 GMT-0800,207.55200000000002,206.548,0.0132,0.0009
13.11.2023 06:32:16.586 GMT-0800,207.55200000000002,206.758,0.0132,0.0009
13.11.2023 06:32:16.701 GMT-0800,207.27200000000002,206.758,0.009,0.0132
13.11.2023 06:32:16.752 GMT-0800,207.55200000000002,206.758,0.0132,0.0132
13.11.2023 06:32:26.941 GMT-0800,207.222,206.758,0.0009,0.0132
13.11.2023 06:32:26.992 GMT-0800,207.55200000000002,206.758,0.009,0.0132
13.11.2023 06:32:27.043 GMT-0800,207.592,206.758,0.0132,0.0132
13.11.2023 06:32:27.249 GMT-0800,207.572,206.758,0.0009,0.0132
13.11.2023 06:32:28.459 GMT-0800,207.21200000000002,206.758,0.0009,0.0132
13.11.2023 06:32:29.935 GMT-0800,207.572,206.758,0.0132,0.0132
13.11.2023 06:32:30.933 GMT-0800,207.18200000000002,206.758,0.0009,0.0132
13.11.2023 06:32:32.004 GMT-0800,207.572,206.758,0.0132,0.0132
13.11.2023 06:32:35.860 GMT-0800,207.572,206.768,0.009,0.0009
13.11.2023 06:32:35.978 GMT-0800,207.55200000000002,206.768,0.0009,0.0009
13.11.2023 06:32:36.243 GMT-0800,207.592,206.768,0.0132,0.0132
13.11.2023 06:32:36.916 GMT-0800,207.592,206.758,0.0132,0.0132
13.11.2023 06:32:38.873 GMT-0800,207.592,206.918,0.0132,0.0009
13.11.2023 06:32:41.554 GMT-0800,207.592,206.948,0.0132,0.0009
13.11.2023 06:32:56.229 GMT-0800,207.592,206.918,0.0132,0.0132
13.11.2023 06:33:03.540 GMT-0800,207.702,206.918,0.0132,0.0132
13.11.2023 06:33:04.916 GMT-0800,208.072,207.338,0.0132,0.0132
13.11.2023 06:33:05.040 GMT-0800,208.072,207.128,0.0132,0.0132
13.11.2023 06:33:05.671 GMT-0800,208.162,207.548,0.0132,0.0132
13.11.2023 06:33:07.577 GMT-0800,208.162,207.118,0.0132,0.0132
13.11.2023 06:33:10.211 GMT-0800,208.162,207.488,0.0132,0.0009
13.11.2023 06:33:10.454 GMT-0800,208.382,207.488,0.0132,0.0132
13.11.2023 06:33:10.756 GMT-0800,208.502,207.488,0.0132,0.0132
13.11.2023 06:33:15.111 GMT-0800,208.502,207.258,0.0132,0.0132
13.11.2023 06:33:19.939 GMT-0800,208.502,207.298,0.0132,0.0009
13.11.2023 06:33:20.792 GMT-0800,208.18200000000002,207.298,0.0009,0.0132
13.11.2023 06:33:20.894 GMT-0800,208.17200000000003,207.298,0.0132,0.0132
13.11.2023 06:33:21.414 GMT-0800,208.162,207.298,0.0009,0.0132
13.11.2023 06:33:24.427 GMT-0800,208.162,207.698,0.009,0.0009
13.11.2023 06:33:24.478 GMT-0800,208.92200000000003,207.728,0.0132,0.0132
13.11.2023 06:33:24.843 GMT-0800,208.92200000000003,207.668,0.0132,0.0132
13.11.2023 06:33:28.657 GMT-0800,208.77200000000002,207.668,0.0009,0.0132
13.11.2023 06:33:28.818 GMT-0800,208.77200000000002,207.768,0.0132,0.0009
13.11.2023 06:33:28.920 GMT-0800,208.782,208.218,0.0132,0.0132
13.11.2023 06:33:29.021 GMT-0800,209.02200000000002,208.218,0.0132,0.0132
13.11.2023 06:33:29.147 GMT-0800,209.11200000000002,208.218,0.0132,0.0132
13.11.2023 06:33:29.240 GMT-0800,209.072,208.218,0.0009,0.0132
13.11.2023 06:33:29.342 GMT-0800,209.08200000000002,208.218,0.0132,0.0132
13.11.2023 06:33:29.660 GMT-0800,208.92200000000003,208.218,0.0009,0.0132
13.11.2023 06:33:29.891 GMT-0800,209.072,208.218,0.0132,0.0132
13.11.2023 06:33:30.065 GMT-0800,209.072,208.31799999999998,0.009,0.0009
13.11.2023 06:33:30.116 GMT-0800,209.36200000000002,208.31799999999998,0.0132,0.0132
13.11.2023 06:33:31.512 GMT-0800,209.11200000000002,208.328,0.0009,0.0009
13.11.2023 06:33:32.245 GMT-0800,209.102,208.328,0.0009,0.0132
13.11.2023 06:33:32.394 GMT-0800,209.102,208.468,0.0132,0.0132
13.11.2023 06:33:32.884 GMT-0800,209.102,208.508,0.0132,0.0009
13.11.2023 06:33:33.090 GMT-0800,209.092,208.508,0.0009,0.0132
13.11.2023 06:33:35.399 GMT-0800,208.912,208.508,0.0009,0.0132
13.11.2023 06:33:35.810 GMT-0800,209.092,208.508,0.0132,0.0132
13.11.2023 06:33:36.165 GMT-0800,209.102,208.508,0.0132,0.0132
13.11.2023 06:33:36.538 GMT-0800,209.122,208.508,0.0132,0.0132
13.11.2023 06:33:39.640 GMT-0800,209.092,208.508,0.0009,0.0132
13.11.2023 06:33:39.792 GMT-0800,209.122,208.508,0.0132,0.0132
13.11.2023 06:33:40.032 GMT-0800,209.36200000000002,208.508,0.0132,0.0132
13.11.2023 06:33:40.292 GMT-0800,209.232,208.728,0.0009,0.0009
13.11.2023 06:33:40.343 GMT-0800,209.092,208.518,0.0132,0.0132
13.11.2023 06:33:40.394 GMT-0800,209.062,208.518,0.0132,0.0132
13.11.2023 06:33:41.558 GMT-0800,209.062,208.658,0.009,0.0132
13.11.2023 06:33:41.609 GMT-0800,209.36200000000002,208.658,0.0132,0.0132
13.11.2023 06:33:41.927 GMT-0800,209.572,208.658,0.0132,0.0132
13.11.2023 06:33:50.016 GMT-0800,209.232,208.658,0.0009,0.0132
13.11.2023 06:33:51.406 GMT-0800,209.572,208.658,0.0132,0.0132
13.11.2023 06:34:05.645 GMT-0800,209.232,208.658,0.0009,0.0132
13.11.2023 06:34:05.897 GMT-0800,209.222,208.658,0.0009,0.0132
13.11.2023 06:34:05.998 GMT-0800,209.232,208.658,0.0132,0.0132
13.11.2023 06:34:20.069 GMT-0800,209.232,208.588,0.0132,0.0132
13.11.2023 06:34:23.549 GMT-0800,209.232,208.778,0.0132,0.0009
13.11.2023 06:34:27.151 GMT-0800,209.102,208.778,0.0009,0.0132
13.11.2023 06:34:28.530 GMT-0800,209.49200000000002,208.918,0.0132,0.0132
13.11.2023 06:34:28.682 GMT-0800,209.49200000000002,208.778,0.0132,0.0132
13.11.2023 06:34:28.934 GMT-0800,209.49200000000002,209.108,0.009,0.0009
13.11.2023 06:34:28.985 GMT-0800,209.83200000000002,209.108,0.0132,0.0132
13.11.2023 06:34:29.111 GMT-0800,209.83200000000002,208.778,0.0132,0.0132
13.11.2023 06:34:29.162 GMT-0800,209.83200000000002,208.828,0.0132,0.0009
13.11.2023 06:34:29.263 GMT-0800,209.92200000000003,208.828,0.0132,0.0132
13.11.2023 06:34:32.591 GMT-0800,209.92200000000003,209.218,0.0132,0.0009
13.11.2023 06:34:35.722 GMT-0800,210.252,209.218,0.0132,0.0132
13.11.2023 06:34:37.922 GMT-0800,210.252,209.118,0.0132,0.0132
13.11.2023 06:34:39.825 GMT-0800,210.252,209.268,0.0132,0.0009
13.11.2023 06:34:40.483 GMT-0800,210.252,209.338,0.0132,0.0009
13.11.2023 06:34:44.394 GMT-0800,210.252,209.438,0.0132,0.0009
13.11.2023 06:35:03.241 GMT-0800,210.252,209.488,0.0132,0.0009
13.11.2023 06:35:03.716 GMT-0800,210.252,209.498,0.0132,0.0009
13.11.2023 06:35:03.967 GMT-0800,210.252,209.638,0.0132,0.0009
13.11.2023 06:35:04.018 GMT-0800,210.252,209.498,0.0132,0.0132
13.11.2023 06:35:04.814 GMT-0800,210.252,209.488,0.0132,0.0132
13.11.2023 06:35:05.732 GMT-0800,210.252,209.648,0.0132,0.0009
13.11.2023 06:35:05.783 GMT-0800,210.252,209.488,0.0132,0.009
13.11.2023 06:35:07.164 GMT-0800,210.252,209.478,0.009,0.0132
13.11.2023 06:35:07.215 GMT-0800,210.262,209.478,0.0132,0.0132
13.11.2023 06:35:07.477 GMT-0800,210.072,209.488,0.0009,0.0009
13.11.2023 06:35:07.850 GMT-0800,210.032,209.59799999999998,0.0132,0.0009
13.11.2023 06:35:08.960 GMT-0800,209.92200000000003,209.59799999999998,0.0009,0.0132
13.11.2023 06:35:09.320 GMT-0800,210.032,209.59799999999998,0.0132,0.0132
13.11.2023 06:35:16.441 GMT-0800,209.852,209.59799999999998,0.0009,0.009
13.11.2023 06:35:16.544 GMT-0800,209.852,209.538,0.0132,0.0132
13.11.2023 06:35:16.857 GMT-0800,210.032,209.538,0.0132,0.0132
13.11.2023 06:35:22.642 GMT-0800,210.032,209.558,0.0132,0.0009
13.11.2023 06:35:27.347 GMT-0800,210.032,209.868,0.009,0.0009
13.11.2023 06:35:27.397 GMT-0800,210.072,209.618,0.0132,0.0009
13.11.2023 06:35:27.525 GMT-0800,210.072,209.56799999999998,0.0132,0.0132
13.11.2023 06:35:30.171 GMT-0800,210.072,209.648,0.0132,0.0009
13.11.2023 06:35:30.578 GMT-0800,209.982,209.768,0.0009,0.0009
13.11.2023 06:35:30.629 GMT-0800,210.062,209.648,0.0132,0.0132
13.11.2023 06:35:36.111 GMT-0800,210.062,209.728,0.0132,0.0009
13.11.2023 06:35:42.340 GMT-0800,209.912,209.59799999999998,0.0132,0.0132
13.11.2023 06:35:45.648 GMT-0800,210.05200000000002,209.59799999999998,0.0132,0.0132
13.11.2023 06:35:49.078 GMT-0800,210.18200000000002,209.59799999999998,0.0132,0.0132
13.11.2023 06:35:49.986 GMT-0800,210.17200000000003,209.59799999999998,0.0009,0.0132
13.11.2023 06:35:55.606 GMT-0800,210.162,209.59799999999998,0.0009,0.0132
13.11.2023 06:35:55.657 GMT-0800,210.18200000000002,209.59799999999998,0.0132,0.0132
13.11.2023 06:35:56.290 GMT-0800,210.18200000000002,209.688,0.0132,0.0009
13.11.2023 06:35:57.187 GMT-0800,210.17200000000003,209.688,0.0009,0.0132
13.11.2023 06:35:59.406 GMT-0800,210.162,209.688,0.0009,0.0132
13.11.2023 06:35:59.708 GMT-0800,210.02200000000002,209.688,0.0009,0.0132
13.11.2023 06:36:06.976 GMT-0800,210.02200000000002,209.768,0.0132,0.0009
13.11.2023 06:36:14.987 GMT-0800,210.27200000000002,209.768,0.0132,0.0132
13.11.2023 06:36:15.038 GMT-0800,210.17200000000003,209.768,0.0132,0.0132
13.11.2023 06:36:17.957 GMT-0800,210.002,209.768,0.0009,0.009
13.11.2023 06:36:18.008 GMT-0800,210.17200000000003,209.768,0.009,0.009
13.11.2023 06:36:18.059 GMT-0800,210.27200000000002,209.688,0.0132,0.0132
13.11.2023 06:36:18.109 GMT-0800,210.18200000000002,209.688,0.0132,0.0132
13.11.2023 06:36:18.365 GMT-0800,210.15200000000002,209.688,0.0009,0.0132
13.11.2023 06:36:32.525 GMT-0800,210.15200000000002,210.012,0.009,0.0009
13.11.2023 06:36:32.576 GMT-0800,210.192,209.688,0.0132,0.0132
13.11.2023 06:36:32.627 GMT-0800,210.18200000000002,209.688,0.0132,0.0132
13.11.2023 06:36:34.156 GMT-0800,210.18200000000002,209.828,0.0132,0.0009
13.11.2023 06:36:41.016 GMT-0800,210.292,209.828,0.0132,0.0132
13.11.2023 06:36:44.654 GMT-0800,210.18200000000002,209.828,0.0009,0.0132
13.11.2023 06:36:52.712 GMT-0800,210.15200000000002,209.828,0.0009,0.009
13.11.2023 06:36:52.763 GMT-0800,210.15200000000002,209.658,0.0132,0.0132
13.11.2023 06:36:52.874 GMT-0800,210.18200000000002,209.658,0.0132,0.0132
13.11.2023 06:36:53.069 GMT-0800,209.83200000000002,209.658,0.0009,0.009
13.11.2023 06:36:53.120 GMT-0800,209.77200000000002,209.218,0.0132,0.0132
13.11.2023 06:36:53.228 GMT-0800,209.822,209.008,0.0132,0.0132
13.11.2023 06:36:53.764 GMT-0800,209.822,208.868,0.0132,0.0132
13.11.2023 06:36:54.133 GMT-0800,209.83200000000002,208.868,0.0132,0.0132
13.11.2023 06:36:56.604 GMT-0800,209.792,208.868,0.0009,0.0132
13.11.2023 06:36:57.621 GMT-0800,209.782,208.868,0.009,0.0132
13.11.2023 06:36:57.672 GMT-0800,209.792,208.868,0.0132,0.0132
13.11.2023 06:37:01.253 GMT-0800,209.792,209.238,0.0132,0.0009
13.11.2023 06:37:01.998 GMT-0800,209.792,209.418,0.0132,0.0009
13.11.2023 06:37:05.041 GMT-0800,210.14200000000002,209.418,0.0132,0.0132
13.11.2023 06:37:05.171 GMT-0800,210.192,209.418,0.0132,0.0132
13.11.2023 06:37:10.302 GMT-0800,210.192,209.428,0.0132,0.0009
13.11.2023 06:37:10.403 GMT-0800,210.292,209.428,0.0132,0.0132
13.11.2023 06:37:13.599 GMT-0800,210.292,209.618,0.0132,0.0009
13.11.2023 06:37:16.010 GMT-0800,210.192,209.618,0.0009,0.0132
13.11.2023 06:37:16.765 GMT-0800,210.202,209.618,0.0132,0.0132
13.11.2023 06:37:17.861 GMT-0800,210.292,209.618,0.0132,0.0132
13.11.2023 06:37:19.800 GMT-0800,210.292,209.428,0.0132,0.0132
13.11.2023 06:37:21.194 GMT-0800,210.292,209.418,0.0132,0.0132
13.11.2023 06:37:22.110 GMT-0800,210.18200000000002,209.918,0.0009,0.0009
13.11.2023 06:37:22.160 GMT-0800,210.292,209.918,0.009,0.0009
13.11.2023 06:37:22.211 GMT-0800,210.89200000000002,209.918,0.0132,0.0132
13.11.2023 06:37:24.055 GMT-0800,210.89200000000002,209.888,0.0132,0.0132
13.11.2023 06:37:25.243 GMT-0800,210.562,209.888,0.0009,0.0132
13.11.2023 06:37:26.587 GMT-0800,210.562,209.928,0.0132,0.0009
13.11.2023 06:37:27.896 GMT-0800,210.55200000000002,209.928,0.0009,0.0132
13.11.2023 06:37:30.648 GMT-0800,210.55200000000002,209.948,0.0132,0.0009
13.11.2023 06:37:32.460 GMT-0800,210.55200000000002,209.968,0.0132,0.0009
13.11.2023 06:37:33.664 GMT-0800,210.542,209.968,0.0009,0.0132
13.11.2023 06:37:33.715 GMT-0800,210.252,209.418,0.0132,0.0132
13.11.2023 06:37:33.780 GMT-0800,210.202,209.418,0.0009,0.0132
13.11.2023 06:37:44.048 GMT-0800,210.202,209.448,0.0132,0.0009
13.11.2023 06:37:49.082 GMT-0800,210.292,209.448,0.0132,0.0132
13.11.2023 06:37:49.665 GMT-0800,210.162,209.448,0.0009,0.0132
13.11.2023 06:37:55.023 GMT-0800,210.292,209.448,0.0132,0.0132
13.11.2023 06:37:55.748 GMT-0800,210.032,209.448,0.0009,0.0132
13.11.2023 06:37:56.020 GMT-0800,210.02200000000002,209.448,0.0009,0.0132
13.11.2023 06:37:57.280 GMT-0800,210.032,209.448,0.0132,0.0132
13.11.2023 06:37:57.389 GMT-0800,209.77200000000002,209.448,0.0009,0.009
13.11.2023 06:37:57.440 GMT-0800,209.55200000000002,208.928,0.0132,0.0132
13.11.2023 06:37:58.596 GMT-0800,209.542,208.928,0.0009,0.0132
13.11.2023 06:37:59.822 GMT-0800,209.532,208.928,0.0009,0.0132
13.11.2023 06:38:00.403 GMT-0800,209.542,208.928,0.0132,0.0132
13.11.2023 06:38:01.130 GMT-0800,209.52200000000002,208.928,0.0009,0.0132
13.11.2023 06:38:01.858 GMT-0800,209.52200000000002,208.808,0.0132,0.0132
13.11.2023 06:38:02.175 GMT-0800,209.752,208.808,0.0132,0.0132
13.11.2023 06:38:05.475 GMT-0800,209.752,208.988,0.0132,0.0009
13.11.2023 06:38:11.523 GMT-0800,209.752,208.788,0.0132,0.0132
13.11.2023 06:38:14.647 GMT-0800,209.752,208.988,0.0132,0.0009
13.11.2023 06:38:17.180 GMT-0800,209.752,208.788,0.0132,0.0132
13.11.2023 06:38:17.301 GMT-0800,209.90200000000002,208.788,0.0132,0.0132
13.11.2023 06:38:18.403 GMT-0800,209.842,208.988,0.0009,0.0009
13.11.2023 06:38:24.561 GMT-0800,209.90200000000002,208.988,0.0132,0.0132
13.11.2023 06:38:26.131 GMT-0800,209.842,208.988,0.0009,0.0132
13.11.2023 06:38:33.733 GMT-0800,209.842,209.478,0.0132,0.0009
13.11.2023 06:38:33.784 GMT-0800,209.86200000000002,208.988,0.0132,0.0132
13.11.2023 06:38:39.052 GMT-0800,209.64200000000002,208.988,0.0009,0.009
13.11.2023 06:38:39.153 GMT-0800,209.632,208.988,0.0009,0.009
13.11.2023 06:38:39.254 GMT-0800,209.40200000000002,208.788,0.0132,0.0132
13.11.2023 06:38:39.643 GMT-0800,209.40200000000002,208.678,0.0132,0.0132
13.11.2023 06:38:39.945 GMT-0800,209.40200000000002,208.518,0.0132,0.0132
13.11.2023 06:38:42.817 GMT-0800,209.202,208.518,0.0009,0.0132
13.11.2023 06:38:43.178 GMT-0800,209.202,208.31799999999998,0.0132,0.0132
13.11.2023 06:38:44.991 GMT-0800,209.202,208.478,0.0132,0.0009
13.11.2023 06:38:54.091 GMT-0800,209.11200000000002,208.478,0.0009,0.0132
13.11.2023 06:38:55.974 GMT-0800,209.032,208.478,0.0009,0.0132
13.11.2023 06:38:56.803 GMT-0800,209.032,208.718,0.009,0.0009
13.11.2023 06:38:56.854 GMT-0800,209.11200000000002,208.718,0.0132,0.0132
13.11.2023 06:38:57.193 GMT-0800,209.11200000000002,208.478,0.0132,0.0132
13.11.2023 06:38:59.743 GMT-0800,209.102,208.478,0.0009,0.0132
13.11.2023 06:39:00.116 GMT-0800,209.102,208.468,0.0132,0.0132
13.11.2023 06:39:00.713 GMT-0800,209.08200000000002,208.468,0.0009,0.0132
13.11.2023 06:39:00.845 GMT-0800,209.062,208.468,0.0009,0.0132
13.11.2023 06:39:00.946 GMT-0800,209.072,208.468,0.0132,0.0132
13.11.2023 06:39:06.372 GMT-0800,208.99200000000002,208.468,0.0009,0.0132
13.11.2023 06:39:06.422 GMT-0800,209.062,208.468,0.0132,0.0132
13.11.2023 06:39:07.160 GMT-0800,208.90200000000002,208.468,0.0009,0.0132
13.11.2023 06:39:07.211 GMT-0800,209.062,208.468,0.0132,0.0132
13.11.2023 06:39:18.552 GMT-0800,209.062,208.528,0.0132,0.0009
13.11.2023 06:39:19.918 GMT-0800,209.05200000000002,208.528,0.0009,0.0132
13.11.2023 06:39:21.935 GMT-0800,209.042,208.528,0.0009,0.0132
13.11.2023 06:39:22.895 GMT-0800,209.032,208.528,0.0009,0.0132
13.11.2023 06:39:24.396 GMT-0800,209.02200000000002,208.528,0.0132,0.0132
13.11.2023 06:39:29.051 GMT-0800,209.02200000000002,208.688,0.0132,0.0009
13.11.2023 06:39:33.222 GMT-0800,208.96200000000002,208.688,0.0009,0.0132
13.11.2023 06:39:39.556 GMT-0800,208.952,208.688,0.0009,0.0132
13.11.2023 06:39:42.395 GMT-0800,208.942,208.688,0.0009,0.009
13.11.2023 06:39:42.446 GMT-0800,208.942,208.458,0.0132,0.0132
13.11.2023 06:39:42.562 GMT-0800,208.822,208.458,0.0009,0.0132
13.11.2023 06:39:43.490 GMT-0800,208.812,208.458,0.0009,0.0132
13.11.2023 06:39:47.985 GMT-0800,208.80200000000002,208.458,0.0009,0.0132
13.11.2023 06:39:48.463 GMT-0800,208.74200000000002,208.458,0.0009,0.0132
13.11.2023 06:40:00.366 GMT-0800,208.732,208.458,0.0009,0.0132
13.11.2023 06:40:01.805 GMT-0800,208.722,208.458,0.0009,0.0132
13.11.2023 06:40:01.856 GMT-0800,208.722,208.168,0.0132,0.0132
13.11.2023 06:40:02.182 GMT-0800,208.722,207.908,0.0132,0.0132
13.11.2023 06:40:02.306 GMT-0800,208.702,207.908,0.0009,0.0132
13.11.2023 06:40:02.628 GMT-0800,208.692,207.908,0.0009,0.0132
13.11.2023 06:40:02.678 GMT-0800,208.702,207.908,0.0132,0.0132
13.11.2023 06:40:02.777 GMT-0800,208.67200000000003,207.908,0.0009,0.0132
13.11.2023 06:40:03.282 GMT-0800,208.662,207.908,0.0009,0.0132
13.11.2023 06:40:03.414 GMT-0800,208.65200000000002,207.908,0.0009,0.0132
13.11.2023 06:40:03.580 GMT-0800,208.64200000000002,207.908,0.0009,0.0132
13.11.2023 06:40:03.681 GMT-0800,208.64200000000002,207.898,0.0132,0.0132
13.11.2023 06:40:03.778 GMT-0800,208.52200000000002,207.898,0.0009,0.0132
13.11.2023 06:40:04.305 GMT-0800,208.49200000000002,207.898,0.0132,0.0132
13.11.2023 06:40:04.549 GMT-0800,208.49200000000002,207.648,0.0132,0.0132
13.11.2023 06:40:04.628 GMT-0800,208.482,207.648,0.0009,0.0132
13.11.2023 06:40:04.758 GMT-0800,208.472,207.648,0.0009,0.0132
13.11.2023 06:40:05.027 GMT-0800,208.46200000000002,207.648,0.0009,0.0132
13.11.2023 06:40:05.078 GMT-0800,208.472,207.648,0.0132,0.0132
13.11.2023 06:40:05.295 GMT-0800,208.442,207.648,0.0132,0.0132
13.11.2023 06:40:05.412 GMT-0800,208.43200000000002,207.648,0.0009,0.0132
13.11.2023 06:40:05.732 GMT-0800,208.42200000000003,207.648,0.0009,0.0132
13.11.2023 06:40:06.227 GMT-0800,208.40200000000002,207.648,0.0009,0.0132
13.11.2023 06:40:06.354 GMT-0800,208.39200000000002,207.648,0.0009,0.0132
13.11.2023 06:40:06.717 GMT-0800,208.372,207.648,0.0009,0.0132
13.11.2023 06:40:06.995 GMT-0800,208.372,207.638,0.0132,0.0132
13.11.2023 06:40:07.209 GMT-0800,208.36200000000002,207.638,0.0009,0.0132
13.11.2023 06:40:07.452 GMT-0800,208.342,207.638,0.0009,0.0132
13.11.2023 06:40:07.714 GMT-0800,208.33200000000002,207.638,0.0009,0.0132
13.11.2023 06:40:08.198 GMT-0800,208.312,207.638,0.0009,0.0132
13.11.2023 06:40:08.690 GMT-0800,208.292,207.638,0.0009,0.0132
13.11.2023 06:40:09.186 GMT-0800,208.262,207.638,0.0009,0.0132
13.11.2023 06:40:09.688 GMT-0800,208.252,207.638,0.0009,0.0132
13.11.2023 06:40:09.849 GMT-0800,208.232,207.638,0.0009,0.0132
13.11.2023 06:40:10.167 GMT-0800,208.21200000000002,207.638,0.0009,0.0132
13.11.2023 06:40:10.659 GMT-0800,208.192,207.638,0.0009,0.0132
13.11.2023 06:40:10.968 GMT-0800,208.18200000000002,207.638,0.0009,0.0132
13.11.2023 06:40:11.147 GMT-0800,208.17200000000003,207.638,0.0009,0.0132
13.11.2023 06:40:11.648 GMT-0800,208.14200000000002,207.638,0.0009,0.0132
13.11.2023 06:40:11.886 GMT-0800,208.14200000000002,207.858,0.009,0.0009
13.11.2023 06:40:11.936 GMT-0800,208.39200000000002,207.858,0.0132,0.0132
13.11.2023 06:40:12.290 GMT-0800,208.39200000000002,207.648,0.0132,0.0132
13.11.2023 06:40:13.218 GMT-0800,208.39200000000002,208.078,0.009,0.0009
13.11.2023 06:40:13.268 GMT-0800,208.67200000000003,208.078,0.0132,0.0132
13.11.2023 06:40:13.378 GMT-0800,208.502,207.648,0.0132,0.0132
13.11.2023 06:40:13.538 GMT-0800,208.502,207.708,0.0132,0.0009
13.11.2023 06:40:14.934 GMT-0800,208.46200000000002,207.708,0.0009,0.0132
13.11.2023 06:40:15.373 GMT-0800,208.452,207.708,0.0009,0.0132
13.11.2023 06:40:16.368 GMT-0800,208.442,207.708,0.0009,0.0132
13.11.2023 06:40:19.076 GMT-0800,208.442,208.048,0.0132,0.0009
13.11.2023 06:40:19.314 GMT-0800,208.43200000000002,208.048,0.0009,0.0132
13.11.2023 06:40:19.710 GMT-0800,208.412,208.048,0.0009,0.0132
13.11.2023 06:40:19.811 GMT-0800,208.40200000000002,208.048,0.0009,0.0132
13.11.2023 06:40:20.804 GMT-0800,208.372,208.048,0.0009,0.0132
13.11.2023 06:40:21.121 GMT-0800,208.372,207.708,0.0132,0.0132
13.11.2023 06:40:21.601 GMT-0800,208.372,207.698,0.0132,0.0132
13.11.2023 06:40:21.783 GMT-0800,208.36200000000002,207.698,0.0009,0.0132
13.11.2023 06:40:27.192 GMT-0800,208.352,207.698,0.0009,0.0132
13.11.2023 06:40:27.771 GMT-0800,208.342,207.698,0.0009,0.0132
13.11.2023 06:40:28.184 GMT-0800,208.33200000000002,207.698,0.0009,0.0132
13.11.2023 06:40:28.582 GMT-0800,208.322,207.698,0.0009,0.0132
13.11.2023 06:40:29.207 GMT-0800,208.312,207.698,0.0009,0.0132
13.11.2023 06:40:29.375 GMT-0800,208.30200000000002,207.698,0.0009,0.0132
13.11.2023 06:40:29.650 GMT-0800,208.292,207.698,0.0009,0.0132
13.11.2023 06:40:30.191 GMT-0800,208.282,207.698,0.0132,0.0132
13.11.2023 06:40:30.652 GMT-0800,208.27200000000002,207.698,0.0009,0.0132
13.11.2023 06:40:30.977 GMT-0800,208.262,207.698,0.0009,0.0132
13.11.2023 06:40:31.130 GMT-0800,208.252,207.698,0.0009,0.0132
13.11.2023 06:40:31.483 GMT-0800,208.252,207.938,0.009,0.0009
13.11.2023 06:40:31.534 GMT-0800,208.482,207.938,0.0132,0.0132
13.11.2023 06:40:31.647 GMT-0800,208.36200000000002,207.938,0.0009,0.009
13.11.2023 06:40:31.698 GMT-0800,208.36200000000002,207.708,0.0132,0.0132
13.11.2023 06:40:34.518 GMT-0800,208.352,207.708,0.0009,0.009
13.11.2023 06:40:34.568 GMT-0800,208.352,207.698,0.0132,0.0132
13.11.2023 06:40:39.130 GMT-0800,208.352,207.988,0.009,0.0009
13.11.2023 06:40:39.180 GMT-0800,208.482,208.048,0.0132,0.0132
13.11.2023 06:40:39.282 GMT-0800,208.482,207.708,0.0132,0.0132
13.11.2023 06:40:42.144 GMT-0800,208.46200000000002,207.708,0.0009,0.0132
13.11.2023 06:40:42.631 GMT-0800,208.452,207.708,0.0009,0.0132
13.11.2023 06:40:43.126 GMT-0800,208.442,207.708,0.0009,0.0132
13.11.2023 06:40:44.111 GMT-0800,208.43200000000002,207.708,0.0009,0.0132
13.11.2023 06:40:50.994 GMT-0800,208.42200000000003,207.708,0.0009,0.0132
13.11.2023 06:40:51.095 GMT-0800,208.792,208.108,0.0132,0.0132
13.11.2023 06:40:51.196 GMT-0800,208.732,207.718,0.0132,0.0132
13.11.2023 06:40:51.388 GMT-0800,208.732,207.84799999999998,0.0132,0.0009
13.11.2023 06:40:52.901 GMT-0800,208.732,208.158,0.0132,0.0009
13.11.2023 06:40:53.437 GMT-0800,208.732,208.178,0.0132,0.0009
13.11.2023 06:40:55.529 GMT-0800,208.722,208.178,0.0009,0.0132
13.11.2023 06:40:57.432 GMT-0800,208.722,208.228,0.0132,0.0009
13.11.2023 06:40:57.533 GMT-0800,208.71200000000002,208.228,0.0132,0.0132
13.11.2023 06:40:58.049 GMT-0800,208.722,208.228,0.0132,0.0132
13.11.2023 06:40:59.075 GMT-0800,208.722,208.158,0.0132,0.0132
13.11.2023 06:40:59.849 GMT-0800,208.722,208.408,0.009,0.0009
13.11.2023 06:40:59.899 GMT-0800,209.02200000000002,208.468,0.0132,0.0132
13.11.2023 06:40:59.950 GMT-0800,209.02200000000002,208.388,0.0132,0.0132
13.11.2023 06:41:00.001 GMT-0800,209.02200000000002,208.288,0.0132,0.0132
13.11.2023 06:41:02.127 GMT-0800,209.30200000000002,208.31799999999998,0.0132,0.0132
13.11.2023 06:41:02.802 GMT-0800,209.002,208.31799999999998,0.0009,0.0132
13.11.2023 06:41:04.434 GMT-0800,209.002,208.638,0.0132,0.0009
13.11.2023 06:41:04.947 GMT-0800,209.002,208.488,0.0132,0.0132
13.11.2023 06:41:12.423 GMT-0800,208.852,208.488,0.0009,0.0132
13.11.2023 06:41:12.524 GMT-0800,208.80200000000002,208.228,0.0132,0.0132
13.11.2023 06:41:12.976 GMT-0800,208.80200000000002,208.168,0.0132,0.0132
13.11.2023 06:41:13.177 GMT-0800,208.80200000000002,208.288,0.0132,0.0009
13.11.2023 06:41:14.428 GMT-0800,209.002,208.288,0.0132,0.0132
13.11.2023 06:41:15.194 GMT-0800,209.002,208.09799999999998,0.0132,0.0132
13.11.2023 06:41:15.293 GMT-0800,208.86200000000002,208.09799999999998,0.0009,0.0132
13.11.2023 06:41:15.648 GMT-0800,208.86200000000002,208.168,0.009,0.0132
13.11.2023 06:41:15.699 GMT-0800,209.002,208.168,0.0132,0.0132
13.11.2023 06:41:16.820 GMT-0800,208.93200000000002,208.168,0.0009,0.009
13.11.2023 06:41:16.871 GMT-0800,208.93200000000002,208.028,0.0132,0.0132
13.11.2023 06:41:20.129 GMT-0800,208.93200000000002,208.268,0.0132,0.0009
13.11.2023 06:41:22.151 GMT-0800,208.93200000000002,208.288,0.0132,0.0009
13.11.2023 06:41:32.247 GMT-0800,209.202,208.288,0.0132,0.0132
13.11.2023 06:41:34.161 GMT-0800,208.912,208.288,0.0009,0.0132
13.11.2023 06:41:41.767 GMT-0800,208.912,208.34799999999998,0.0132,0.0009
13.11.2023 06:41:48.127 GMT-0800,209.202,208.34799999999998,0.0132,0.0132
13.11.2023 06:41:52.133 GMT-0800,208.852,208.34799999999998,0.0009,0.0132
13.11.2023 06:41:52.917 GMT-0800,209.032,208.34799999999998,0.0132,0.0132
13.11.2023 06:41:53.087 GMT-0800,208.83200000000002,208.34799999999998,0.0009,0.0132
13.11.2023 06:41:53.858 GMT-0800,208.83200000000002,208.31799999999998,0.0132,0.0132
13.11.2023 06:41:54.005 GMT-0800,208.482,208.31799999999998,0.0009,0.009
13.11.2023 06:41:54.056 GMT-0800,208.622,208.118,0.0132,0.0132
13.11.2023 06:41:54.107 GMT-0800,208.61200000000002,208.118,0.0132,0.0132
13.11.2023 06:42:11.522 GMT-0800,208.90200000000002,208.118,0.0132,0.0132
13.11.2023 06:42:12.206 GMT-0800,208.55200000000002,208.118,0.0009,0.0132
13.11.2023 06:42:12.949 GMT-0800,208.502,208.118,0.0009,0.0132
13.11.2023 06:42:20.956 GMT-0800,208.502,208.288,0.009,0.0009
13.11.2023 06:42:21.007 GMT-0800,208.912,208.288,0.0132,0.0132
13.11.2023 06:42:23.998 GMT-0800,208.912,208.118,0.0132,0.0132
13.11.2023 06:42:25.339 GMT-0800,208.912,208.308,0.0132,0.0009
13.11.2023 06:42:26.878 GMT-0800,208.822,208.308,0.0009,0.0132
13.11.2023 06:42:30.761 GMT-0800,208.702,208.308,0.0009,0.009
13.11.2023 06:42:30.812 GMT-0800,208.702,208.118,0.0132,0.0132
13.11.2023 06:42:38.373 GMT-0800,208.442,208.118,0.0009,0.009
13.11.2023 06:42:38.458 GMT-0800,208.442,207.898,0.0132,0.0132
13.11.2023 06:42:38.731 GMT-0800,208.442,207.728,0.0132,0.0132
13.11.2023 06:42:40.052 GMT-0800,208.442,207.798,0.0132,0.0009
13.11.2023 06:42:40.320 GMT-0800,208.702,207.798,0.0132,0.0132
13.11.2023 06:42:42.335 GMT-0800,208.702,207.978,0.0132,0.0009
13.11.2023 06:42:42.484 GMT-0800,208.622,207.978,0.0009,0.0132
13.11.2023 06:42:43.281 GMT-0800,208.622,208.088,0.0132,0.0009
13.11.2023 06:42:48.769 GMT-0800,208.482,208.088,0.0009,0.0132
13.11.2023 06:42:53.501 GMT-0800,208.472,208.088,0.0009,0.0132
13.11.2023 06:42:59.535 GMT-0800,208.452,208.088,0.0009,0.0132
13.11.2023 06:43:07.011 GMT-0800,208.452,208.018,0.0132,0.0132
13.11.2023 06:43:22.907 GMT-0800,208.482,208.018,0.0132,0.0132
13.11.2023 06:43:22.980 GMT-0800,208.442,208.018,0.0009,0.0132
13.11.2023 06:43:29.809 GMT-0800,208.482,208.018,0.0132,0.0132
13.11.2023 06:43:30.551 GMT-0800,208.852,208.018,0.0132,0.0132
13.11.2023 06:43:33.064 GMT-0800,208.572,208.018,0.0009,0.0132
13.11.2023 06:43:34.143 GMT-0800,208.572,208.028,0.0132,0.0009
13.11.2023 06:43:34.244 GMT-0800,208.632,208.028,0.0132,0.0132
13.11.2023 06:43:37.188 GMT-0800,208.632,208.018,0.0132,0.0132
13.11.2023 06:43:41.647 GMT-0800,208.632,208.288,0.0132,0.0009
13.11.2023 06:43:41.698 GMT-0800,208.912,208.018,0.0132,0.0132
13.11.2023 06:43:41.950 GMT-0800,208.912,207.798,0.0132,0.0132
13.11.2023 06:43:46.789 GMT-0800,208.90200000000002,207.798,0.0009,0.0132
13.11.2023 06:43:48.285 GMT-0800,208.90200000000002,207.998,0.0132,0.0009
13.11.2023 06:43:49.390 GMT-0800,208.90200000000002,208.088,0.0132,0.0009
13.11.2023 06:43:51.416 GMT-0800,208.912,208.088,0.0132,0.0132
13.11.2023 06:43:52.015 GMT-0800,208.912,208.148,0.0132,0.0009
13.11.2023 06:43:52.144 GMT-0800,208.912,208.418,0.0132,0.0009
13.11.2023 06:43:57.573 GMT-0800,208.912,208.508,0.009,0.0009
13.11.2023 06:43:57.624 GMT-0800,209.032,208.508,0.0132,0.0132
13.11.2023 06:43:59.538 GMT-0800,209.032,208.428,0.0132,0.0132
13.11.2023 06:44:00.644 GMT-0800,209.032,208.278,0.0132,0.0132
13.11.2023 06:44:01.301 GMT-0800,209.032,208.34799999999998,0.0132,0.0009
13.11.2023 06:44:27.083 GMT-0800,209.032,208.518,0.0132,0.0009
13.11.2023 06:44:53.031 GMT-0800,208.872,208.34799999999998,0.0132,0.0132
13.11.2023 06:44:53.147 GMT-0800,208.71200000000002,208.34799999999998,0.0009,0.0132
13.11.2023 06:45:32.888 GMT-0800,208.71200000000002,208.278,0.0132,0.0132
13.11.2023 06:45:38.964 GMT-0800,208.71200000000002,208.218,0.0132,0.0132
13.11.2023 06:45:43.657 GMT-0800,208.71200000000002,208.31799999999998,0.0132,0.0009
13.11.2023 06:45:45.408 GMT-0800,208.702,208.31799999999998,0.0009,0.0132
13.11.2023 06:45:45.720 GMT-0800,208.542,208.218,0.0009,0.0132
13.11.2023 06:45:48.827 GMT-0800,208.65200000000002,208.218,0.0132,0.0132
13.11.2023 06:45:54.171 GMT-0800,208.64200000000002,208.238,0.0009,0.0009
13.11.2023 06:45:55.230 GMT-0800,208.65200000000002,208.238,0.0132,0.0132
13.11.2023 06:45:59.887 GMT-0800,208.39200000000002,208.058,0.0132,0.0132
13.11.2023 06:46:02.062 GMT-0800,208.382,208.058,0.0009,0.0132
13.11.2023 06:46:02.853 GMT-0800,208.382,208.208,0.009,0.0009
13.11.2023 06:46:02.904 GMT-0800,208.65200000000002,208.208,0.0132,0.0132
13.11.2023 06:46:05.901 GMT-0800,208.65200000000002,208.188,0.0132,0.0132
13.11.2023 06:46:15.058 GMT-0800,208.65200000000002,208.218,0.0132,0.0009
13.11.2023 06:46:15.159 GMT-0800,208.632,208.218,0.0132,0.0132
13.11.2023 06:46:17.050 GMT-0800,208.632,208.228,0.0132,0.0009
13.11.2023 06:46:17.938 GMT-0800,209.032,208.228,0.0132,0.0132
13.11.2023 06:46:19.920 GMT-0800,209.032,208.428,0.0132,0.0009
13.11.2023 06:46:24.599 GMT-0800,208.822,208.428,0.0009,0.0132
13.11.2023 06:46:24.908 GMT-0800,208.822,208.228,0.0132,0.0132
13.11.2023 06:46:29.382 GMT-0800,208.822,208.448,0.0132,0.0009
13.11.2023 06:46:50.662 GMT-0800,208.822,208.228,0.0132,0.0132
13.11.2023 06:46:55.284 GMT-0800,208.822,208.488,0.009,0.0009
13.11.2023 06:46:55.460 GMT-0800,209.012,208.728,0.0009,0.009
13.11.2023 06:46:55.511 GMT-0800,209.012,208.718,0.0132,0.0132
13.11.2023 06:46:55.612 GMT-0800,209.02200000000002,208.538,0.0132,0.0132
13.11.2023 06:46:56.247 GMT-0800,209.012,208.538,0.0009,0.0132
13.11.2023 06:46:58.843 GMT-0800,209.02200000000002,208.538,0.0132,0.0132
13.11.2023 06:47:00.101 GMT-0800,208.822,208.538,0.0009,0.0132
13.11.2023 06:47:00.152 GMT-0800,208.812,208.508,0.0132,0.0132
13.11.2023 06:47:00.745 GMT-0800,208.822,208.508,0.0132,0.0132
13.11.2023 06:47:04.324 GMT-0800,208.822,208.558,0.0132,0.0009
13.11.2023 06:47:04.886 GMT-0800,209.032,208.558,0.0132,0.0132
13.11.2023 06:47:07.708 GMT-0800,208.952,208.558,0.0009,0.0132
13.11.2023 06:47:09.442 GMT-0800,208.762,208.558,0.0009,0.009
13.11.2023 06:47:09.492 GMT-0800,208.762,208.508,0.0132,0.0132
13.11.2023 06:47:09.975 GMT-0800,208.762,208.498,0.0132,0.0132
13.11.2023 06:47:18.242 GMT-0800,209.032,208.498,0.0132,0.0132
13.11.2023 06:47:26.920 GMT-0800,208.942,208.498,0.0009,0.0132
13.11.2023 06:47:40.822 GMT-0800,208.752,208.498,0.0009,0.009
13.11.2023 06:47:40.900 GMT-0800,208.89200000000002,208.498,0.0009,0.009
13.11.2023 06:47:40.951 GMT-0800,208.89200000000002,208.278,0.0132,0.0132
13.11.2023 06:47:57.751 GMT-0800,208.86200000000002,208.278,0.0009,0.0132
13.11.2023 06:47:58.169 GMT-0800,208.86200000000002,208.398,0.0132,0.0009
13.11.2023 06:48:03.572 GMT-0800,208.86200000000002,208.278,0.0132,0.0132
13.11.2023 06:48:03.705 GMT-0800,208.86200000000002,208.398,0.0132,0.0009
13.11.2023 06:48:05.280 GMT-0800,208.86200000000002,208.378,0.0132,0.0132
13.11.2023 06:48:11.493 GMT-0800,208.822,208.388,0.0009,0.0009
13.11.2023 06:48:11.689 GMT-0800,208.96200000000002,208.388,0.0132,0.0132
13.11.2023 06:48:12.509 GMT-0800,209.02200000000002,208.388,0.0132,0.0132
13.11.2023 06:48:12.744 GMT-0800,209.02200000000002,208.398,0.0132,0.0009
13.11.2023 06:48:13.370 GMT-0800,208.96200000000002,208.398,0.0009,0.0132
13.11.2023 06:48:15.375 GMT-0800,208.952,208.468,0.0009,0.0009
13.11.2023 06:48:16.336 GMT-0800,208.982,208.468,0.0132,0.0132
13.11.2023 06:48:17.654 GMT-0800,208.952,208.708,0.0132,0.0132
13.11.2023 06:48:28.676 GMT-0800,208.952,208.698,0.0132,0.0132
13.11.2023 06:48:33.635 GMT-0800,208.982,208.698,0.0132,0.0132
13.11.2023 06:48:34.567 GMT-0800,208.99200000000002,208.698,0.0132,0.0132
13.11.2023 06:48:34.774 GMT-0800,209.032,208.698,0.0132,0.0132
13.11.2023 06:48:36.786 GMT-0800,208.942,208.698,0.0009,0.009
13.11.2023 06:48:37.022 GMT-0800,208.942,208.608,0.0132,0.0132
13.11.2023 06:48:38.108 GMT-0800,208.872,208.608,0.0009,0.009
13.11.2023 06:48:38.204 GMT-0800,208.93200000000002,208.608,0.0009,0.009
13.11.2023 06:48:38.255 GMT-0800,208.93200000000002,208.378,0.0132,0.0132
13.11.2023 06:48:39.146 GMT-0800,208.942,208.378,0.0132,0.0132
13.11.2023 06:48:39.461 GMT-0800,208.77200000000002,208.378,0.0009,0.0132
13.11.2023 06:48:44.456 GMT-0800,209.032,208.378,0.0132,0.0132
13.11.2023 06:48:44.506 GMT-0800,209.02200000000002,208.378,0.0009,0.0132
13.11.2023 06:48:57.194 GMT-0800,209.012,208.378,0.0009,0.0132
13.11.2023 06:49:08.185 GMT-0800,209.012,208.578,0.0132,0.0009
13.11.2023 06:49:10.935 GMT-0800,209.002,208.578,0.0009,0.0132
13.11.2023 06:49:13.540 GMT-0800,209.002,208.828,0.009,0.0009
13.11.2023 06:49:13.591 GMT-0800,209.21200000000002,208.728,0.0132,0.0132
13.11.2023 06:49:14.830 GMT-0800,209.252,208.728,0.0132,0.0132
13.11.2023 06:49:16.865 GMT-0800,209.252,208.878,0.009,0.0009
13.11.2023 06:49:16.916 GMT-0800,209.692,208.728,0.0132,0.0132
13.11.2023 06:49:17.172 GMT-0800,209.602,208.728,0.0009,0.0132
13.11.2023 06:49:21.686 GMT-0800,209.602,208.738,0.0132,0.0009
13.11.2023 06:49:24.568 GMT-0800,209.602,209.108,0.0132,0.0009
13.11.2023 06:49:40.853 GMT-0800,209.762,209.108,0.0132,0.0132
13.11.2023 06:49:51.228 GMT-0800,209.762,208.988,0.0132,0.0132
13.11.2023 06:49:52.923 GMT-0800,209.762,209.208,0.0132,0.0009
13.11.2023 06:50:01.330 GMT-0800,209.77200000000002,209.208,0.0132,0.0132
13.11.2023 06:50:01.592 GMT-0800,210.312,209.208,0.0132,0.0132
13.11.2023 06:50:02.184 GMT-0800,209.822,209.208,0.0009,0.0132
13.11.2023 06:50:03.552 GMT-0800,209.752,209.208,0.0009,0.0132
13.11.2023 06:50:03.838 GMT-0800,209.822,209.208,0.0132,0.0132
13.11.2023 06:50:12.846 GMT-0800,210.312,209.208,0.0132,0.0132
13.11.2023 06:50:13.508 GMT-0800,209.952,209.218,0.0009,0.0009
13.11.2023 06:50:16.548 GMT-0800,209.952,209.208,0.0132,0.0132
13.11.2023 06:50:23.412 GMT-0800,209.55200000000002,209.208,0.0009,0.0132
13.11.2023 06:50:24.890 GMT-0800,209.86200000000002,209.208,0.0132,0.0132
13.11.2023 06:50:25.015 GMT-0800,209.872,209.208,0.0132,0.0132
13.11.2023 06:50:42.204 GMT-0800,209.71200000000002,209.208,0.0009,0.0132
13.11.2023 06:50:42.613 GMT-0800,209.71200000000002,209.358,0.0132,0.0132
13.11.2023 06:50:48.109 GMT-0800,209.71200000000002,209.31799999999998,0.0132,0.0132
13.11.2023 06:50:54.065 GMT-0800,209.71200000000002,209.368,0.0132,0.0009
13.11.2023 06:50:57.500 GMT-0800,209.942,209.368,0.0132,0.0132
13.11.2023 06:50:58.317 GMT-0800,209.732,209.368,0.0009,0.0132
13.11.2023 06:51:07.076 GMT-0800,209.512,209.368,0.0009,0.009
13.11.2023 06:51:07.211 GMT-0800,209.49200000000002,208.988,0.0132,0.0132
13.11.2023 06:51:08.145 GMT-0800,209.502,208.988,0.0132,0.0132
13.11.2023 06:51:13.615 GMT-0800,209.622,208.988,0.0132,0.0132
13.11.2023 06:51:14.347 GMT-0800,209.632,208.988,0.0132,0.0132
13.11.2023 06:51:20.269 GMT-0800,209.382,208.988,0.0009,0.0132
13.11.2023 06:51:22.246 GMT-0800,209.192,208.918,0.0009,0.009
13.11.2023 06:51:22.297 GMT-0800,209.21200000000002,208.538,0.0132,0.0132
13.11.2023 06:51:23.222 GMT-0800,208.972,208.538,0.0009,0.0132
13.11.2023 06:51:26.273 GMT-0800,209.162,208.538,0.0132,0.0132
13.11.2023 06:51:27.207 GMT-0800,208.942,208.538,0.0009,0.0132
13.11.2023 06:51:34.966 GMT-0800,208.942,208.59799999999998,0.0132,0.0009
13.11.2023 06:51:35.017 GMT-0800,208.972,208.528,0.0132,0.0132
13.11.2023 06:51:37.163 GMT-0800,208.972,208.258,0.0132,0.0132
13.11.2023 06:51:37.518 GMT-0800,208.972,208.238,0.0132,0.0132
13.11.2023 06:51:39.706 GMT-0800,208.972,208.168,0.0132,0.0132
13.11.2023 06:51:40.033 GMT-0800,208.972,208.048,0.0132,0.0132
13.11.2023 06:51:52.640 GMT-0800,208.752,208.048,0.0009,0.0132
13.11.2023 06:51:59.054 GMT-0800,208.752,208.268,0.0132,0.0009
13.11.2023 06:52:11.922 GMT-0800,208.752,208.188,0.0132,0.0132
13.11.2023 06:52:12.198 GMT-0800,208.722,208.188,0.0009,0.0132
13.11.2023 06:52:12.522 GMT-0800,208.722,208.118,0.0132,0.0132
13.11.2023 06:52:12.588 GMT-0800,208.722,208.188,0.0132,0.0009
13.11.2023 06:52:12.639 GMT-0800,208.722,208.118,0.0132,0.0132
13.11.2023 06:52:12.952 GMT-0800,208.722,208.048,0.0132,0.0132
13.11.2023 06:52:16.367 GMT-0800,208.722,208.328,0.0132,0.0009
13.11.2023 06:52:16.418 GMT-0800,208.722,208.048,0.0132,0.0132
13.11.2023 06:52:17.005 GMT-0800,208.722,208.128,0.0132,0.0009
13.11.2023 06:52:24.105 GMT-0800,208.68200000000002,208.128,0.0009,0.0132
13.11.2023 06:52:27.537 GMT-0800,208.65200000000002,208.128,0.0009,0.0132
13.11.2023 06:52:37.023 GMT-0800,208.61200000000002,208.128,0.0009,0.0132
13.11.2023 06:52:37.074 GMT-0800,208.64200000000002,208.128,0.0009,0.0132
13.11.2023 06:52:37.196 GMT-0800,208.632,208.128,0.0009,0.0132
13.11.2023 06:52:37.359 GMT-0800,208.49200000000002,208.128,0.0009,0.0132
13.11.2023 06:52:37.410 GMT-0800,208.64200000000002,208.128,0.0132,0.0132
13.11.2023 06:52:37.862 GMT-0800,208.49200000000002,208.128,0.0009,0.0132
13.11.2023 06:52:46.256 GMT-0800,208.49200000000002,208.048,0.0132,0.0132
13.11.2023 06:52:53.484 GMT-0800,208.502,208.048,0.0132,0.0132
13.11.2023 06:52:54.593 GMT-0800,208.452,208.048,0.0009,0.0132
13.11.2023 06:52:54.644 GMT-0800,208.282,207.858,0.0132,0.0132
13.11.2023 06:52:55.009 GMT-0800,208.452,207.748,0.0132,0.0132
13.11.2023 06:52:56.962 GMT-0800,208.442,207.748,0.0009,0.0132
13.11.2023 06:52:57.193 GMT-0800,208.24200000000002,207.748,0.0009,0.009
13.11.2023 06:52:57.244 GMT-0800,208.24200000000002,207.708,0.0132,0.0132
13.11.2023 06:52:57.352 GMT-0800,208.092,207.708,0.0132,0.0132
13.11.2023 06:52:57.475 GMT-0800,208.202,207.708,0.0132,0.0132
13.11.2023 06:52:57.685 GMT-0800,208.202,207.668,0.0132,0.0132
13.11.2023 06:53:00.142 GMT-0800,208.202,207.638,0.0132,0.0132
13.11.2023 06:53:04.589 GMT-0800,208.262,207.638,0.0132,0.0132
13.11.2023 06:53:04.863 GMT-0800,208.032,207.638,0.0009,0.0132
13.11.2023 06:53:05.336 GMT-0800,208.18200000000002,207.638,0.0132,0.0132
13.11.2023 06:53:22.266 GMT-0800,208.262,207.638,0.0132,0.0132
13.11.2023 06:53:40.179 GMT-0800,208.17200000000003,207.638,0.0009,0.0132
13.11.2023 06:53:51.063 GMT-0800,208.042,207.638,0.0009,0.0132
13.11.2023 06:53:51.114 GMT-0800,208.17200000000003,207.638,0.0132,0.0132
13.11.2023 06:53:55.319 GMT-0800,208.18200000000002,207.638,0.0132,0.0132
13.11.2023 06:54:00.792 GMT-0800,208.122,207.638,0.0009,0.0132
13.11.2023 06:54:01.249 GMT-0800,208.262,207.638,0.0132,0.0132
13.11.2023 06:54:03.770 GMT-0800,208.262,207.768,0.0132,0.0009
13.11.2023 06:54:08.195 GMT-0800,208.092,207.768,0.0009,0.0132
13.11.2023 06:54:16.589 GMT-0800,207.96200000000002,207.768,0.0009,0.009
13.11.2023 06:54:16.640 GMT-0800,208.08200000000002,207.508,0.0132,0.0132
13.11.2023 06:54:16.841 GMT-0800,207.96200000000002,207.59799999999998,0.0009,0.0009
13.11.2023 06:54:16.892 GMT-0800,207.96200000000002,207.508,0.0132,0.0132
13.11.2023 06:54:18.283 GMT-0800,207.96200000000002,207.328,0.0132,0.0132
13.11.2023 06:54:25.011 GMT-0800,207.96200000000002,207.358,0.0132,0.0009
13.11.2023 06:54:32.698 GMT-0800,207.942,207.358,0.0009,0.0132
13.11.2023 06:54:36.979 GMT-0800,207.942,207.628,0.009,0.0009
13.11.2023 06:54:37.030 GMT-0800,208.11200000000002,207.628,0.0132,0.0132
13.11.2023 06:54:40.026 GMT-0800,208.11200000000002,207.59799999999998,0.0132,0.0132
13.11.2023 06:54:42.619 GMT-0800,208.132,207.59799999999998,0.0132,0.0132
13.11.2023 06:54:47.354 GMT-0800,208.132,207.56799999999998,0.0132,0.0132
13.11.2023 06:54:51.394 GMT-0800,208.132,207.708,0.0132,0.0009
13.11.2023 06:54:52.280 GMT-0800,208.14200000000002,207.708,0.0132,0.0132
13.11.2023 06:54:59.411 GMT-0800,208.262,207.708,0.0132,0.0132
13.11.2023 06:55:01.068 GMT-0800,208.02200000000002,207.708,0.0009,0.009
13.11.2023 06:55:01.120 GMT-0800,208.02200000000002,207.56799999999998,0.0132,0.0132
13.11.2023 06:55:01.524 GMT-0800,208.012,207.56799999999998,0.0009,0.0132
13.11.2023 06:55:04.503 GMT-0800,208.032,207.56799999999998,0.0132,0.0132
13.11.2023 06:55:05.643 GMT-0800,208.032,207.528,0.0132,0.0132
13.11.2023 06:55:08.838 GMT-0800,208.02200000000002,207.528,0.0009,0.0132
13.11.2023 06:55:08.940 GMT-0800,207.982,207.298,0.0132,0.0132
13.11.2023 06:55:13.629 GMT-0800,207.982,207.308,0.0132,0.0009
13.11.2023 06:55:22.513 GMT-0800,207.89200000000002,207.308,0.0009,0.0132
13.11.2023 06:55:23.153 GMT-0800,207.872,207.308,0.0009,0.0132
13.11.2023 06:55:23.606 GMT-0800,207.83200000000002,207.308,0.0132,0.0132
13.11.2023 06:55:24.156 GMT-0800,207.882,207.308,0.0132,0.0132
13.11.2023 06:55:24.206 GMT-0800,207.822,207.308,0.0132,0.0132
13.11.2023 06:55:30.526 GMT-0800,207.822,207.438,0.0132,0.0009
13.11.2023 06:55:31.188 GMT-0800,207.812,207.438,0.0132,0.0132
13.11.2023 06:56:00.120 GMT-0800,207.982,207.438,0.0132,0.0132
13.11.2023 06:56:00.901 GMT-0800,207.812,207.438,0.0009,0.0132
13.11.2023 06:56:01.041 GMT-0800,207.80200000000002,207.438,0.0009,0.009
13.11.2023 06:56:01.092 GMT-0800,207.80200000000002,207.308,0.0132,0.0132
13.11.2023 06:56:01.453 GMT-0800,207.80200000000002,207.428,0.0132,0.0009
13.11.2023 06:56:01.583 GMT-0800,207.80200000000002,207.478,0.0132,0.0009
13.11.2023 06:56:11.394 GMT-0800,207.80200000000002,207.608,0.009,0.0009
13.11.2023 06:56:11.628 GMT-0800,208.032,207.628,0.0132,0.0132
13.11.2023 06:56:14.796 GMT-0800,208.092,207.628,0.0132,0.0132
13.11.2023 06:56:16.153 GMT-0800,208.192,207.628,0.0132,0.0132
13.11.2023 06:56:16.984 GMT-0800,208.062,207.628,0.0009,0.0132
13.11.2023 06:56:23.030 GMT-0800,208.062,207.678,0.009,0.0009
13.11.2023 06:56:23.081 GMT-0800,208.24200000000002,207.678,0.0132,0.0132
13.11.2023 06:56:26.074 GMT-0800,208.24200000000002,207.668,0.0132,0.0132
13.11.2023 06:56:29.764 GMT-0800,208.262,207.668,0.0132,0.0132
13.11.2023 06:56:39.843 GMT-0800,208.24200000000002,207.668,0.0009,0.0132
13.11.2023 06:56:41.114 GMT-0800,208.262,207.668,0.0132,0.0132
13.11.2023 06:56:46.289 GMT-0800,208.262,207.678,0.0132,0.0009
13.11.2023 06:56:46.965 GMT-0800,208.262,207.668,0.0132,0.0132
13.11.2023 06:56:55.651 GMT-0800,208.262,207.81799999999998,0.0132,0.0009
13.11.2023 06:56:57.123 GMT-0800,208.262,207.668,0.0132,0.0132
13.11.2023 06:57:00.932 GMT-0800,208.262,207.798,0.0132,0.0009
13.11.2023 06:57:29.744 GMT-0800,208.262,207.858,0.0132,0.0009
13.11.2023 06:57:45.365 GMT-0800,208.262,207.798,0.0132,0.0132
13.11.2023 06:57:52.258 GMT-0800,208.502,207.798,0.0132,0.0132
13.11.2023 06:58:00.466 GMT-0800,208.472,207.798,0.0009,0.0132
13.11.2023 06:58:03.672 GMT-0800,208.472,207.808,0.0132,0.0009
13.11.2023 06:58:05.481 GMT-0800,208.502,207.808,0.0132,0.0132
13.11.2023 06:58:05.748 GMT-0800,208.46200000000002,207.808,0.0009,0.0132
13.11.2023 06:58:09.543 GMT-0800,208.46200000000002,207.918,0.009,0.0009
13.11.2023 06:58:09.593 GMT-0800,208.64200000000002,207.918,0.0132,0.0132
13.11.2023 06:58:10.198 GMT-0800,208.822,207.948,0.0132,0.0009
13.11.2023 06:58:13.301 GMT-0800,208.822,207.958,0.0132,0.0009
13.11.2023 06:58:14.689 GMT-0800,208.83200000000002,207.958,0.0132,0.0132
13.11.2023 06:58:15.772 GMT-0800,208.762,207.958,0.0009,0.0132
13.11.2023 06:58:16.203 GMT-0800,208.762,208.048,0.0132,0.0009
13.11.2023 06:58:21.409 GMT-0800,208.762,208.06799999999998,0.0132,0.0009
13.11.2023 06:58:31.458 GMT-0800,208.762,208.168,0.0132,0.0009
13.11.2023 06:58:35.443 GMT-0800,208.762,208.06799999999998,0.0132,0.0132
13.11.2023 06:58:39.549 GMT-0800,208.812,208.06799999999998,0.0132,0.0132
13.11.2023 06:58:39.703 GMT-0800,208.812,208.298,0.009,0.0009
13.11.2023 06:58:39.754 GMT-0800,208.942,208.298,0.0132,0.0132
13.11.2023 06:58:40.054 GMT-0800,208.99200000000002,208.298,0.0132,0.0132
13.11.2023 06:58:40.155 GMT-0800,209.36200000000002,208.298,0.0132,0.0132
13.11.2023 06:58:42.297 GMT-0800,208.852,208.298,0.0009,0.0132
13.11.2023 06:58:42.348 GMT-0800,208.90200000000002,208.298,0.0132,0.0132
13.11.2023 06:58:42.646 GMT-0800,209.36200000000002,208.298,0.0132,0.0132
13.11.2023 06:58:43.790 GMT-0800,208.86200000000002,208.298,0.0009,0.0132
13.11.2023 06:58:45.747 GMT-0800,208.68200000000002,208.298,0.0009,0.0132
13.11.2023 06:58:55.295 GMT-0800,208.602,208.298,0.0009,0.009
13.11.2023 06:58:55.346 GMT-0800,208.602,208.258,0.0132,0.0132
13.11.2023 06:58:58.073 GMT-0800,208.58200000000002,208.258,0.0009,0.0132
13.11.2023 06:59:00.042 GMT-0800,208.58200000000002,208.208,0.0132,0.0132
13.11.2023 06:59:07.742 GMT-0800,208.602,208.208,0.0132,0.0132
13.11.2023 06:59:07.814 GMT-0800,208.572,208.208,0.0009,0.0132
13.11.2023 06:59:11.970 GMT-0800,208.49200000000002,208.118,0.009,0.0132
13.11.2023 06:59:12.021 GMT-0800,208.58200000000002,208.118,0.0132,0.0132
13.11.2023 06:59:12.231 GMT-0800,208.542,208.118,0.0009,0.0132
13.11.2023 06:59:12.432 GMT-0800,208.502,208.118,0.0009,0.0132
13.11.2023 06:59:12.483 GMT-0800,208.542,208.118,0.0132,0.0132
13.11.2023 06:59:12.533 GMT-0800,208.482,208.118,0.0132,0.0132
13.11.2023 06:59:15.818 GMT-0800,208.55200000000002,208.118,0.0132,0.0132
13.11.2023 06:59:24.598 GMT-0800,208.372,208.118,0.0009,0.009
13.11.2023 06:59:24.663 GMT-0800,208.372,208.09799999999998,0.0132,0.0132
13.11.2023 06:59:25.007 GMT-0800,208.542,208.09799999999998,0.0132,0.0132
13.11.2023 06:59:25.150 GMT-0800,208.49200000000002,208.09799999999998,0.0009,0.009
13.11.2023 06:59:25.201 GMT-0800,208.49200000000002,207.968,0.0132,0.0132
13.11.2023 06:59:25.681 GMT-0800,208.502,207.968,0.0132,0.0132
13.11.2023 06:59:30.676 GMT-0800,208.55200000000002,207.968,0.0132,0.0132
13.11.2023 06:59:31.154 GMT-0800,208.55200000000002,208.06799999999998,0.009,0.0009
13.11.2023 06:59:31.205 GMT-0800,208.602,208.06799999999998,0.0132,0.0132
13.11.2023 06:59:38.256 GMT-0800,208.632,208.06799999999998,0.0132,0.0132
13.11.2023 06:59:38.547 GMT-0800,208.632,208.128,0.0132,0.0009
13.11.2023 06:59:39.169 GMT-0800,208.632,208.298,0.009,0.0009
13.11.2023 06:59:39.220 GMT-0800,208.942,208.298,0.0132,0.0132
13.11.2023 06:59:39.569 GMT-0800,208.982,208.298,0.0132,0.0132
13.11.2023 06:59:40.277 GMT-0800,208.762,208.298,0.0009,0.0132
13.11.2023 06:59:52.742 GMT-0800,209.092,208.298,0.0132,0.0132
13.11.2023 06:59:53.060 GMT-0800,208.912,208.218,0.0009,0.0132
13.11.2023 06:59:56.495 GMT-0800,208.912,208.34799999999998,0.0132,0.0009
13.11.2023 06:59:58.044 GMT-0800,208.912,208.308,0.0132,0.0132
13.11.2023 06:59:58.941 GMT-0800,208.982,208.308,0.0132,0.0132
13.11.2023 06:59:59.715 GMT-0800,208.982,208.358,0.0132,0.0009
13.11.2023 07:00:02.205 GMT-0800,208.90200000000002,208.358,0.0009,0.0132
13.11.2023 07:00:03.628 GMT-0800,208.90200000000002,208.368,0.0132,0.0009
13.11.2023 07:00:03.892 GMT-0800,208.982,208.368,0.0132,0.0132
13.11.2023 07:00:05.055 GMT-0800,208.90200000000002,208.368,0.0009,0.0132
13.11.2023 07:00:10.539 GMT-0800,208.982,208.498,0.0132,0.0132
13.11.2023 07:00:10.795 GMT-0800,208.982,208.518,0.0132,0.0009
13.11.2023 07:00:11.123 GMT-0800,209.15200000000002,208.518,0.0132,0.0132
13.11.2023 07:00:12.039 GMT-0800,209.15200000000002,208.498,0.0132,0.0132
13.11.2023 07:00:12.930 GMT-0800,209.312,208.498,0.0132,0.0132
13.11.2023 07:00:13.110 GMT-0800,209.792,208.498,0.0132,0.0132
13.11.2023 07:00:14.199 GMT-0800,209.232,208.498,0.0009,0.0132
13.11.2023 07:00:15.252 GMT-0800,209.232,208.638,0.0132,0.0009
13.11.2023 07:00:18.360 GMT-0800,209.452,208.638,0.0132,0.0132
13.11.2023 07:00:18.733 GMT-0800,209.792,208.638,0.0132,0.0132
13.11.2023 07:00:18.897 GMT-0800,209.24200000000002,208.638,0.0009,0.0132
13.11.2023 07:00:18.998 GMT-0800,209.24200000000002,208.658,0.0132,0.0132
13.11.2023 07:00:19.367 GMT-0800,209.132,208.658,0.0009,0.0132
13.11.2023 07:00:19.418 GMT-0800,209.24200000000002,208.658,0.009,0.0132
13.11.2023 07:00:19.550 GMT-0800,209.412,208.658,0.0132,0.0132
13.11.2023 07:00:19.704 GMT-0800,209.792,208.658,0.0132,0.0132
13.11.2023 07:00:20.067 GMT-0800,209.122,208.658,0.0009,0.0132
13.11.2023 07:00:20.797 GMT-0800,209.282,208.658,0.0132,0.0132
13.11.2023 07:00:21.736 GMT-0800,209.282,208.698,0.0132,0.0009
13.11.2023 07:00:22.732 GMT-0800,209.24200000000002,208.698,0.0132,0.009
13.11.2023 07:00:22.809 GMT-0800,209.24200000000002,208.658,0.0132,0.0132
13.11.2023 07:00:30.641 GMT-0800,209.24200000000002,208.808,0.0132,0.0009
13.11.2023 07:00:32.678 GMT-0800,209.292,208.808,0.0132,0.0132
13.11.2023 07:00:34.021 GMT-0800,209.222,208.808,0.0009,0.009
13.11.2023 07:00:34.211 GMT-0800,209.222,208.798,0.0132,0.0132
13.11.2023 07:00:34.755 GMT-0800,209.442,208.798,0.0132,0.0132
13.11.2023 07:00:35.157 GMT-0800,209.792,208.798,0.0132,0.0132
13.11.2023 07:00:35.609 GMT-0800,209.282,208.798,0.0009,0.0132
13.11.2023 07:00:36.282 GMT-0800,209.792,208.798,0.0132,0.0132
13.11.2023 07:00:40.165 GMT-0800,209.282,208.798,0.0009,0.0132
13.11.2023 07:00:41.408 GMT-0800,209.792,208.798,0.0132,0.0132
13.11.2023 07:00:41.764 GMT-0800,209.282,208.798,0.0009,0.0132
13.11.2023 07:00:42.047 GMT-0800,209.282,209.09799999999998,0.009,0.0009
13.11.2023 07:00:42.098 GMT-0800,209.702,209.09799999999998,0.0132,0.0132
13.11.2023 07:00:42.149 GMT-0800,209.412,208.888,0.0132,0.0132
13.11.2023 07:00:42.254 GMT-0800,209.39200000000002,208.888,0.0132,0.0132
13.11.2023 07:00:44.951 GMT-0800,209.39200000000002,208.968,0.0132,0.0009
13.11.2023 07:00:46.483 GMT-0800,209.412,208.968,0.0132,0.0132
13.11.2023 07:00:48.526 GMT-0800,209.372,208.968,0.0009,0.0132
13.11.2023 07:00:54.058 GMT-0800,209.372,209.198,0.0132,0.0009
13.11.2023 07:00:54.109 GMT-0800,209.592,209.138,0.0132,0.0132
13.11.2023 07:01:00.493 GMT-0800,209.562,209.138,0.0009,0.0132
13.11.2023 07:01:00.544 GMT-0800,209.592,209.138,0.0132,0.0132
13.11.2023 07:01:07.503 GMT-0800,209.562,209.138,0.0009,0.0132
13.11.2023 07:01:11.761 GMT-0800,209.572,209.138,0.0132,0.0132
13.11.2023 07:01:12.536 GMT-0800,209.572,209.198,0.0132,0.0009
13.11.2023 07:01:17.819 GMT-0800,209.40200000000002,209.198,0.0009,0.0132
13.11.2023 07:01:19.783 GMT-0800,209.572,209.198,0.0132,0.0132
13.11.2023 07:01:22.384 GMT-0800,209.55200000000002,209.208,0.0009,0.0009
13.11.2023 07:01:22.518 GMT-0800,209.55200000000002,209.268,0.0009,0.0009
13.11.2023 07:01:28.920 GMT-0800,209.36200000000002,209.268,0.0009,0.009
13.11.2023 07:01:28.970 GMT-0800,209.542,209.268,0.0009,0.009
13.11.2023 07:01:29.064 GMT-0800,209.42200000000003,209.268,0.0009,0.009
13.11.2023 07:01:29.393 GMT-0800,209.42200000000003,209.138,0.0132,0.0132
13.11.2023 07:01:31.930 GMT-0800,209.602,209.138,0.0132,0.0132
13.11.2023 07:01:31.981 GMT-0800,209.502,209.138,0.0009,0.0132
13.11.2023 07:01:41.527 GMT-0800,209.33200000000002,209.138,0.0009,0.009
13.11.2023 07:01:41.578 GMT-0800,209.33200000000002,209.06799999999998,0.0132,0.0132
13.11.2023 07:01:41.639 GMT-0800,209.24200000000002,209.06799999999998,0.0009,0.0132
13.11.2023 07:01:41.690 GMT-0800,209.132,208.888,0.0132,0.0132
13.11.2023 07:01:42.763 GMT-0800,209.15,208.978,0.009,0.0009
13.11.2023 07:01:42.814 GMT-0800,209.602,208.988,0.0132,0.0132
13.11.2023 07:01:43.005 GMT-0800,209.42200000000003,208.988,0.0009,0.0132
13.11.2023 07:01:44.132 GMT-0800,209.42200000000003,208.888,0.0132,0.0132
13.11.2023 07:01:55.918 GMT-0800,209.42200000000003,209.168,0.009,0.0009
13.11.2023 07:01:55.969 GMT-0800,209.762,208.888,0.0132,0.0132
13.11.2023 07:01:56.121 GMT-0800,209.58200000000002,208.888,0.0009,0.0132
13.11.2023 07:01:56.773 GMT-0800,209.812,208.888,0.0132,0.0132
13.11.2023 07:01:56.824 GMT-0800,209.502,208.908,0.0009,0.0009
13.11.2023 07:01:58.289 GMT-0800,209.502,208.898,0.0132,0.0132
13.11.2023 07:02:01.195 GMT-0800,209.632,208.898,0.0132,0.0132
13.11.2023 07:02:01.788 GMT-0800,209.46200000000002,208.898,0.0009,0.0132
13.11.2023 07:02:09.504 GMT-0800,209.46200000000002,209.108,0.0132,0.0009
13.11.2023 07:02:12.221 GMT-0800,209.46200000000002,209.198,0.0132,0.0009
13.11.2023 07:02:12.579 GMT-0800,209.46200000000002,209.108,0.0132,0.0132
13.11.2023 07:02:17.051 GMT-0800,209.952,209.108,0.0132,0.0132
13.11.2023 07:02:17.203 GMT-0800,209.43200000000002,209.108,0.0009,0.0132
13.11.2023 07:02:23.610 GMT-0800,209.952,209.108,0.0132,0.0132
13.11.2023 07:02:24.587 GMT-0800,209.58200000000002,209.108,0.0009,0.0132
13.11.2023 07:02:24.955 GMT-0800,209.58200000000002,209.118,0.0132,0.0009
13.11.2023 07:02:25.555 GMT-0800,209.86200000000002,209.118,0.0132,0.0132
13.11.2023 07:02:25.606 GMT-0800,209.602,209.118,0.0132,0.0132
13.11.2023 07:02:26.966 GMT-0800,209.792,209.118,0.0132,0.0132
13.11.2023 07:02:27.203 GMT-0800,209.512,209.118,0.0009,0.0132
13.11.2023 07:02:27.988 GMT-0800,209.512,209.108,0.0132,0.0132
13.11.2023 07:02:34.590 GMT-0800,209.512,209.208,0.0132,0.0009
13.11.2023 07:02:36.659 GMT-0800,209.502,209.208,0.0009,0.0132
13.11.2023 07:02:37.174 GMT-0800,209.502,209.188,0.0132,0.0132
13.11.2023 07:02:37.396 GMT-0800,209.512,209.188,0.0132,0.0132
13.11.2023 07:02:43.931 GMT-0800,209.542,209.188,0.0132,0.0132
13.11.2023 07:02:44.145 GMT-0800,209.472,209.188,0.0009,0.0132
13.11.2023 07:02:55.388 GMT-0800,209.472,209.198,0.0132,0.0009
13.11.2023 07:02:55.739 GMT-0800,209.71200000000002,209.34799999999998,0.0132,0.0132
13.11.2023 07:02:55.790 GMT-0800,209.71200000000002,209.198,0.0132,0.0132
13.11.2023 07:02:58.442 GMT-0800,209.71200000000002,209.188,0.0132,0.0132
13.11.2023 07:03:00.675 GMT-0800,209.822,209.188,0.0132,0.0132
13.11.2023 07:03:00.803 GMT-0800,209.68200000000002,209.188,0.0009,0.0132
13.11.2023 07:03:01.217 GMT-0800,209.822,209.188,0.0132,0.0132
13.11.2023 07:03:02.214 GMT-0800,209.67200000000003,209.188,0.0009,0.0132
13.11.2023 07:03:03.989 GMT-0800,209.822,209.188,0.0132,0.0132
13.11.2023 07:03:04.111 GMT-0800,209.572,209.188,0.0009,0.0132
13.11.2023 07:03:14.065 GMT-0800,209.572,209.298,0.009,0.0009
13.11.2023 07:03:14.116 GMT-0800,209.90200000000002,209.31799999999998,0.0132,0.0132
13.11.2023 07:03:14.340 GMT-0800,209.942,209.31799999999998,0.0132,0.0132
13.11.2023 07:03:14.772 GMT-0800,209.692,209.31799999999998,0.0009,0.0132
13.11.2023 07:03:30.916 GMT-0800,209.692,209.458,0.009,0.0009
13.11.2023 07:03:31.053 GMT-0800,209.90200000000002,209.458,0.0132,0.0132
13.11.2023 07:03:31.511 GMT-0800,209.74200000000002,209.458,0.0009,0.009
13.11.2023 07:03:31.563 GMT-0800,209.74200000000002,209.448,0.0132,0.0132
13.11.2023 07:03:33.601 GMT-0800,209.74200000000002,209.458,0.0132,0.0009
13.11.2023 07:03:34.061 GMT-0800,209.74200000000002,209.448,0.0132,0.0132
13.11.2023 07:03:47.192 GMT-0800,209.732,209.448,0.0009,0.0132
13.11.2023 07:04:08.820 GMT-0800,209.702,209.488,0.0009,0.0009
13.11.2023 07:04:08.921 GMT-0800,209.782,209.558,0.0132,0.0132
13.11.2023 07:04:09.032 GMT-0800,209.762,209.558,0.0009,0.0132
13.11.2023 07:04:09.906 GMT-0800,209.782,209.558,0.0132,0.0132
13.11.2023 07:04:11.526 GMT-0800,209.692,209.558,0.0009,0.009
13.11.2023 07:04:11.577 GMT-0800,209.692,209.488,0.0132,0.0132
13.11.2023 07:04:13.028 GMT-0800,209.692,209.418,0.0132,0.0132
13.11.2023 07:04:13.783 GMT-0800,209.71200000000002,209.418,0.0132,0.0132
13.11.2023 07:04:20.504 GMT-0800,209.64200000000002,209.418,0.0009,0.0132
13.11.2023 07:04:20.630 GMT-0800,209.55200000000002,209.378,0.0132,0.0132
13.11.2023 07:04:31.579 GMT-0800,209.502,209.378,0.0009,0.009
13.11.2023 07:04:31.629 GMT-0800,209.52200000000002,209.188,0.0132,0.0132
13.11.2023 07:04:31.736 GMT-0800,209.512,209.188,0.0009,0.0132
13.11.2023 07:04:32.466 GMT-0800,209.382,209.188,0.0009,0.009
13.11.2023 07:04:32.518 GMT-0800,209.382,209.158,0.0132,0.0132
13.11.2023 07:04:32.930 GMT-0800,209.512,209.158,0.0132,0.0132
13.11.2023 07:04:33.517 GMT-0800,209.30200000000002,209.158,0.0009,0.009
13.11.2023 07:04:33.568 GMT-0800,209.30200000000002,208.828,0.0132,0.0132
13.11.2023 07:04:34.847 GMT-0800,209.30200000000002,208.798,0.0132,0.0132
13.11.2023 07:04:36.086 GMT-0800,209.292,208.808,0.0009,0.0009
13.11.2023 07:04:37.152 GMT-0800,209.30200000000002,208.808,0.0132,0.0132
13.11.2023 07:04:42.908 GMT-0800,209.292,208.808,0.0009,0.009
13.11.2023 07:04:42.983 GMT-0800,209.292,208.798,0.0132,0.0132
13.11.2023 07:04:43.067 GMT-0800,209.17200000000003,208.798,0.0009,0.0132
13.11.2023 07:04:43.270 GMT-0800,209.17200000000003,208.778,0.0132,0.0132
13.11.2023 07:04:59.123 GMT-0800,209.36200000000002,208.778,0.0132,0.0132
13.11.2023 07:04:59.190 GMT-0800,209.342,208.778,0.0009,0.0132
13.11.2023 07:05:04.228 GMT-0800,209.36200000000002,208.778,0.0132,0.0132
13.11.2023 07:05:04.394 GMT-0800,209.312,208.778,0.0009,0.0132
13.11.2023 07:05:12.990 GMT-0800,209.36200000000002,208.778,0.0132,0.0132
13.11.2023 07:05:14.086 GMT-0800,209.17200000000003,208.778,0.0009,0.0132
13.11.2023 07:05:19.295 GMT-0800,209.17200000000003,208.838,0.0132,0.0009
13.11.2023 07:05:27.070 GMT-0800,209.17200000000003,208.968,0.009,0.0009
13.11.2023 07:05:27.120 GMT-0800,209.36200000000002,208.968,0.0132,0.0132
13.11.2023 07:05:27.470 GMT-0800,209.36200000000002,208.84799999999998,0.0132,0.0132
13.11.2023 07:05:27.581 GMT-0800,209.36200000000002,208.988,0.0132,0.0009
13.11.2023 07:05:29.086 GMT-0800,209.36200000000002,209.018,0.0132,0.0132
13.11.2023 07:05:30.137 GMT-0800,209.36200000000002,208.838,0.0132,0.0132
13.11.2023 07:05:38.738 GMT-0800,209.36200000000002,208.948,0.0132,0.0009
13.11.2023 07:05:40.382 GMT-0800,209.36200000000002,209.058,0.0132,0.0009
13.11.2023 07:05:42.135 GMT-0800,209.342,209.058,0.0009,0.0132
13.11.2023 07:05:48.197 GMT-0800,209.342,209.018,0.0132,0.0132
13.11.2023 07:05:49.230 GMT-0800,209.342,209.008,0.0132,0.0132
13.11.2023 07:05:57.272 GMT-0800,209.292,209.008,0.0009,0.0132
13.11.2023 07:06:02.666 GMT-0800,209.292,209.128,0.009,0.0009
13.11.2023 07:06:02.716 GMT-0800,209.452,209.138,0.0132,0.0132
13.11.2023 07:06:03.292 GMT-0800,209.452,209.148,0.0132,0.0009
13.11.2023 07:06:06.398 GMT-0800,209.442,209.148,0.0009,0.0132
13.11.2023 07:06:07.587 GMT-0800,209.442,209.008,0.0132,0.0132
13.11.2023 07:06:07.948 GMT-0800,209.39200000000002,209.008,0.0009,0.0132
13.11.2023 07:06:16.054 GMT-0800,209.352,209.008,0.0009,0.0132
13.11.2023 07:06:23.085 GMT-0800,209.342,209.008,0.0009,0.009
13.11.2023 07:06:23.136 GMT-0800,209.342,208.948,0.0132,0.0132
13.11.2023 07:06:32.194 GMT-0800,209.322,208.948,0.0009,0.0132
13.11.2023 07:06:38.530 GMT-0800,209.292,208.948,0.0009,0.0132
13.11.2023 07:06:50.842 GMT-0800,209.292,208.958,0.009,0.0009
13.11.2023 07:06:50.893 GMT-0800,209.502,209.048,0.0132,0.0132
13.11.2023 07:06:53.857 GMT-0800,209.33200000000002,209.048,0.0009,0.0132
13.11.2023 07:06:58.463 GMT-0800,209.33200000000002,209.158,0.009,0.0009
13.11.2023 07:06:58.514 GMT-0800,209.33200000000002,209.088,0.009,0.0009
13.11.2023 07:06:58.790 GMT-0800,209.46200000000002,209.088,0.0132,0.0132
13.11.2023 07:07:13.798 GMT-0800,209.46200000000002,209.138,0.0132,0.0009
13.11.2023 07:07:13.849 GMT-0800,209.46200000000002,209.088,0.009,0.0132
13.11.2023 07:07:19.590 GMT-0800,209.532,209.09799999999998,0.0009,0.0009
13.11.2023 07:07:19.641 GMT-0800,209.532,209.178,0.0132,0.0132
13.11.2023 07:07:20.232 GMT-0800,209.662,209.178,0.0132,0.0132
13.11.2023 07:07:20.499 GMT-0800,209.662,209.288,0.0132,0.0009
13.11.2023 07:07:22.068 GMT-0800,209.52200000000002,209.288,0.0009,0.0132
13.11.2023 07:07:22.120 GMT-0800,209.532,209.288,0.0009,0.0132
13.11.2023 07:07:25.773 GMT-0800,209.442,209.288,0.0009,0.009
13.11.2023 07:07:25.918 GMT-0800,209.442,209.218,0.0132,0.0132
13.11.2023 07:07:26.192 GMT-0800,209.532,209.218,0.0132,0.0132
13.11.2023 07:07:28.494 GMT-0800,209.39200000000002,209.178,0.0132,0.0132
13.11.2023 07:07:29.542 GMT-0800,209.532,209.178,0.0132,0.0132
13.11.2023 07:07:37.107 GMT-0800,209.662,209.178,0.0132,0.0132
13.11.2023 07:07:37.193 GMT-0800,209.442,209.178,0.0009,0.0132
13.11.2023 07:07:55.166 GMT-0800,209.662,209.178,0.0132,0.0132
13.11.2023 07:07:56.355 GMT-0800,209.442,209.178,0.0009,0.0132
13.11.2023 07:07:58.417 GMT-0800,209.662,209.178,0.0132,0.0132
13.11.2023 07:07:59.601 GMT-0800,209.442,209.178,0.0009,0.0132
13.11.2023 07:08:15.378 GMT-0800,209.662,209.178,0.0132,0.0132
13.11.2023 07:08:17.210 GMT-0800,209.52200000000002,209.178,0.0009,0.0132
13.11.2023 07:08:34.499 GMT-0800,209.61200000000002,209.178,0.0132,0.0132
13.11.2023 07:08:35.606 GMT-0800,209.322,209.178,0.0009,0.009
13.11.2023 07:08:35.834 GMT-0800,209.322,209.09799999999998,0.0132,0.0132
13.11.2023 07:08:36.015 GMT-0800,209.452,209.09799999999998,0.0132,0.0132
13.11.2023 07:08:37.910 GMT-0800,209.662,209.09799999999998,0.0132,0.0132
13.11.2023 07:08:39.185 GMT-0800,209.33200000000002,209.09799999999998,0.0009,0.0132
13.11.2023 07:08:45.342 GMT-0800,209.33200000000002,209.108,0.009,0.0009
13.11.2023 07:08:45.392 GMT-0800,209.42200000000003,209.108,0.0132,0.0132
13.11.2023 07:08:47.752 GMT-0800,209.502,209.108,0.0132,0.0132
13.11.2023 07:08:49.496 GMT-0800,209.502,209.118,0.0132,0.0009
13.11.2023 07:08:49.880 GMT-0800,209.662,209.118,0.0132,0.0132
13.11.2023 07:08:49.985 GMT-0800,209.662,209.278,0.0132,0.0009
13.11.2023 07:08:50.488 GMT-0800,209.662,209.108,0.0132,0.0132
13.11.2023 07:08:52.501 GMT-0800,209.55200000000002,209.108,0.0009,0.0132
13.11.2023 07:08:55.031 GMT-0800,209.55200000000002,209.258,0.0132,0.0009
13.11.2023 07:08:56.554 GMT-0800,209.55200000000002,209.108,0.0132,0.0132
13.11.2023 07:08:56.980 GMT-0800,209.542,209.108,0.0009,0.0132
13.11.2023 07:08:58.200 GMT-0800,209.382,209.108,0.009,0.0132
13.11.2023 07:08:58.251 GMT-0800,209.662,209.108,0.0132,0.0132
13.11.2023 07:09:05.452 GMT-0800,209.602,209.108,0.0009,0.0132
13.11.2023 07:09:07.526 GMT-0800,209.532,209.108,0.0009,0.0132
13.11.2023 07:09:22.658 GMT-0800,209.532,209.378,0.009,0.0009
13.11.2023 07:09:22.708 GMT-0800,209.662,209.378,0.0132,0.0132
13.11.2023 07:09:22.821 GMT-0800,209.662,209.488,0.009,0.0009
13.11.2023 07:09:22.872 GMT-0800,210.132,209.488,0.0132,0.0132
13.11.2023 07:09:24.762 GMT-0800,210.132,209.248,0.0132,0.0132
13.11.2023 07:09:41.247 GMT-0800,209.68200000000002,209.248,0.0009,0.0132
13.11.2023 07:09:45.254 GMT-0800,209.67200000000003,209.458,0.0009,0.0009
13.11.2023 07:09:46.348 GMT-0800,209.67200000000003,209.248,0.0132,0.0132
13.11.2023 07:09:51.260 GMT-0800,209.67200000000003,209.418,0.0132,0.0009
13.11.2023 07:09:51.310 GMT-0800,209.90200000000002,209.518,0.0132,0.0132
13.11.2023 07:09:51.450 GMT-0800,209.762,209.518,0.0009,0.009
13.11.2023 07:09:51.501 GMT-0800,209.762,209.428,0.0132,0.0132
13.11.2023 07:09:52.368 GMT-0800,209.762,209.418,0.0132,0.0132
13.11.2023 07:09:59.760 GMT-0800,209.762,209.248,0.0132,0.0132
13.11.2023 07:10:05.325 GMT-0800,209.762,209.488,0.0132,0.0009
13.11.2023 07:10:06.057 GMT-0800,209.77200000000002,209.438,0.0132,0.0132
13.11.2023 07:10:06.191 GMT-0800,209.722,209.438,0.0009,0.009
13.11.2023 07:10:06.242 GMT-0800,209.722,209.34799999999998,0.0132,0.0132
13.11.2023 07:10:18.234 GMT-0800,209.722,209.408,0.0132,0.0009
13.11.2023 07:10:21.751 GMT-0800,209.722,209.468,0.009,0.0009
13.11.2023 07:10:21.801 GMT-0800,209.74200000000002,209.468,0.0132,0.0132
13.11.2023 07:10:22.034 GMT-0800,209.812,209.578,0.0009,0.0132
13.11.2023 07:10:22.387 GMT-0800,209.852,209.578,0.0132,0.0132
13.11.2023 07:10:22.496 GMT-0800,209.852,209.59799999999998,0.0132,0.0009
13.11.2023 07:10:22.750 GMT-0800,209.852,209.668,0.0132,0.0009
13.11.2023 07:10:27.600 GMT-0800,209.852,209.728,0.009,0.0009
13.11.2023 07:10:27.650 GMT-0800,209.93200000000002,209.728,0.0132,0.0132
13.11.2023 07:10:27.926 GMT-0800,209.93200000000002,209.768,0.009,0.0009
13.11.2023 07:10:27.977 GMT-0800,210.012,209.768,0.0132,0.0132
13.11.2023 07:10:29.878 GMT-0800,210.012,209.678,0.0132,0.0132
13.11.2023 07:10:30.463 GMT-0800,209.952,209.678,0.0009,0.0132
13.11.2023 07:10:30.669 GMT-0800,209.952,209.668,0.0132,0.0132
13.11.2023 07:10:30.808 GMT-0800,209.952,209.728,0.0132,0.0009
13.11.2023 07:10:38.251 GMT-0800,209.86200000000002,209.728,0.0009,0.009
13.11.2023 07:10:38.302 GMT-0800,209.77200000000002,209.56799999999998,0.0132,0.0132
13.11.2023 07:10:38.458 GMT-0800,209.912,209.668,0.0132,0.0132
13.11.2023 07:10:40.680 GMT-0800,209.89200000000002,209.668,0.0009,0.009
13.11.2023 07:10:40.801 GMT-0800,209.882,209.668,0.0009,0.009
13.11.2023 07:10:41.113 GMT-0800,209.882,209.56799999999998,0.0132,0.0132
13.11.2023 07:10:44.309 GMT-0800,209.762,209.56799999999998,0.0009,0.009
13.11.2023 07:10:44.546 GMT-0800,209.882,209.56799999999998,0.0132,0.009
13.11.2023 07:10:45.206 GMT-0800,209.882,209.468,0.0132,0.0132
13.11.2023 07:10:45.342 GMT-0800,209.822,209.468,0.0009,0.0132
13.11.2023 07:10:47.194 GMT-0800,209.792,209.468,0.0009,0.0132
13.11.2023 07:11:02.845 GMT-0800,209.822,209.468,0.0132,0.0132
13.11.2023 07:11:03.744 GMT-0800,209.782,209.468,0.0009,0.0132
13.11.2023 07:11:11.131 GMT-0800,209.782,209.498,0.0132,0.0009
13.11.2023 07:11:19.456 GMT-0800,209.782,209.508,0.009,0.0009
13.11.2023 07:11:19.507 GMT-0800,209.852,209.508,0.0132,0.0132
13.11.2023 07:11:19.661 GMT-0800,209.852,209.628,0.0132,0.0009
13.11.2023 07:11:19.714 GMT-0800,210.012,209.708,0.0132,0.0132
13.11.2023 07:11:20.079 GMT-0800,210.012,209.628,0.0132,0.0132
13.11.2023 07:11:22.906 GMT-0800,210.012,209.638,0.0132,0.0009
13.11.2023 07:11:24.485 GMT-0800,209.942,209.638,0.0009,0.0132
13.11.2023 07:11:24.537 GMT-0800,209.942,209.628,0.0132,0.0132
13.11.2023 07:11:24.917 GMT-0800,210.012,209.628,0.0132,0.0132
13.11.2023 07:11:27.941 GMT-0800,210.012,209.688,0.0132,0.0009
13.11.2023 07:11:29.946 GMT-0800,209.942,209.688,0.0009,0.0132
13.11.2023 07:11:30.949 GMT-0800,209.942,209.548,0.0132,0.0132
13.11.2023 07:11:36.989 GMT-0800,209.942,209.698,0.0132,0.0009
13.11.2023 07:11:37.909 GMT-0800,209.89200000000002,209.698,0.0009,0.009
13.11.2023 07:11:37.960 GMT-0800,209.942,209.688,0.0132,0.0132
13.11.2023 07:11:38.254 GMT-0800,209.852,209.688,0.0009,0.009
13.11.2023 07:11:38.304 GMT-0800,209.842,209.548,0.0132,0.0132
13.11.2023 07:11:38.406 GMT-0800,209.83200000000002,209.548,0.0132,0.0132
13.11.2023 07:11:40.966 GMT-0800,209.83200000000002,209.518,0.0132,0.0132
13.11.2023 07:11:41.202 GMT-0800,209.842,209.508,0.0132,0.0132
13.11.2023 07:11:54.679 GMT-0800,209.83200000000002,209.508,0.0009,0.0132
13.11.2023 07:11:54.780 GMT-0800,209.842,209.508,0.0132,0.0132
13.11.2023 07:11:54.924 GMT-0800,209.83200000000002,209.508,0.0009,0.0132
13.11.2023 07:11:55.604 GMT-0800,209.842,209.508,0.0132,0.0132
13.11.2023 07:11:55.988 GMT-0800,209.83200000000002,209.508,0.0009,0.0132
13.11.2023 07:11:58.023 GMT-0800,209.83200000000002,209.468,0.0132,0.0132
13.11.2023 07:11:58.589 GMT-0800,209.842,209.468,0.0132,0.0132
13.11.2023 07:12:02.267 GMT-0800,209.852,209.468,0.0132,0.0132
13.11.2023 07:12:05.093 GMT-0800,209.812,209.468,0.0009,0.0132
13.11.2023 07:12:16.769 GMT-0800,209.812,209.578,0.0132,0.0009
13.11.2023 07:12:16.820 GMT-0800,210.012,209.588,0.0132,0.0132
13.11.2023 07:12:16.921 GMT-0800,210.012,209.578,0.0132,0.0132
13.11.2023 07:12:17.051 GMT-0800,209.812,209.578,0.0009,0.0132
13.11.2023 07:12:31.813 GMT-0800,209.792,209.578,0.0009,0.0132
13.11.2023 07:12:43.675 GMT-0800,209.792,209.588,0.0132,0.0009
13.11.2023 07:12:58.994 GMT-0800,209.792,209.578,0.0132,0.0132
13.11.2023 07:13:01.647 GMT-0800,209.882,209.498,0.0132,0.0132
13.11.2023 07:13:16.751 GMT-0800,209.71200000000002,209.498,0.0009,0.009
13.11.2023 07:13:16.802 GMT-0800,209.71200000000002,209.468,0.0132,0.0132
13.11.2023 07:13:46.395 GMT-0800,209.71200000000002,209.518,0.0132,0.0009
13.11.2023 07:14:01.490 GMT-0800,209.71200000000002,209.468,0.0132,0.0132
13.11.2023 07:14:05.776 GMT-0800,209.71200000000002,209.59799999999998,0.009,0.0009
13.11.2023 07:14:05.827 GMT-0800,210.012,209.59799999999998,0.0132,0.0132
13.11.2023 07:14:10.167 GMT-0800,210.012,209.628,0.0132,0.0009
13.11.2023 07:14:13.864 GMT-0800,210.012,209.59799999999998,0.0132,0.0132
13.11.2023 07:14:14.850 GMT-0800,210.012,209.658,0.0132,0.0009
13.11.2023 07:14:22.339 GMT-0800,210.012,209.718,0.0132,0.0132
13.11.2023 07:14:27.845 GMT-0800,210.012,209.878,0.0132,0.0009
13.11.2023 07:14:32.994 GMT-0800,210.012,209.808,0.0132,0.0132
13.11.2023 07:14:33.850 GMT-0800,210.012,209.788,0.0132,0.0132
13.11.2023 07:14:34.878 GMT-0800,210.012,209.778,0.0132,0.0132
13.11.2023 07:14:36.375 GMT-0800,210.012,209.788,0.009,0.0009
13.11.2023 07:14:36.477 GMT-0800,210.33200000000002,209.918,0.0132,0.0132
13.11.2023 07:14:44.974 GMT-0800,210.33200000000002,209.978,0.0132,0.0009
13.11.2023 07:14:45.320 GMT-0800,210.39200000000002,209.978,0.0132,0.0132
13.11.2023 07:14:47.484 GMT-0800,210.24200000000002,209.978,0.0009,0.0132
13.11.2023 07:14:54.569 GMT-0800,210.24200000000002,210.06799999999998,0.009,0.0009
13.11.2023 07:14:54.620 GMT-0800,210.24200000000002,209.978,0.009,0.009
13.11.2023 07:14:54.690 GMT-0800,210.24200000000002,209.988,0.009,0.0009
13.11.2023 07:14:55.002 GMT-0800,210.342,209.988,0.0132,0.0132
13.11.2023 07:15:03.772 GMT-0800,210.342,210.048,0.0132,0.0009
13.11.2023 07:15:04.906 GMT-0800,210.342,209.928,0.0132,0.0132
13.11.2023 07:15:10.459 GMT-0800,210.40200000000002,209.928,0.0132,0.0132
13.11.2023 07:15:10.987 GMT-0800,210.322,209.928,0.0009,0.0132
13.11.2023 07:15:13.223 GMT-0800,210.322,209.958,0.009,0.0009
13.11.2023 07:15:13.325 GMT-0800,210.39200000000002,209.968,0.0132,0.0132
13.11.2023 07:15:13.527 GMT-0800,210.39200000000002,209.988,0.0132,0.0009
13.11.2023 07:15:14.725 GMT-0800,210.39200000000002,210.138,0.0132,0.0009
13.11.2023 07:15:15.491 GMT-0800,210.39200000000002,210.088,0.0132,0.0132
13.11.2023 07:15:19.884 GMT-0800,210.39200000000002,209.988,0.0132,0.0132
13.11.2023 07:15:28.694 GMT-0800,210.42200000000003,209.988,0.0132,0.0132
13.11.2023 07:15:29.567 GMT-0800,210.412,209.988,0.0009,0.0132
13.11.2023 07:15:29.719 GMT-0800,210.262,209.988,0.0009,0.0132
13.11.2023 07:15:32.562 GMT-0800,210.33200000000002,209.988,0.0132,0.0132
13.11.2023 07:15:45.553 GMT-0800,210.27200000000002,209.988,0.0009,0.0132
13.11.2023 07:15:47.499 GMT-0800,210.292,209.988,0.0132,0.0132
13.11.2023 07:15:49.073 GMT-0800,210.292,209.928,0.0132,0.0132
13.11.2023 07:15:52.469 GMT-0800,210.282,209.928,0.0009,0.0132
13.11.2023 07:15:52.519 GMT-0800,210.292,209.928,0.0132,0.0132
13.11.2023 07:15:52.590 GMT-0800,210.262,209.928,0.0009,0.0132
13.11.2023 07:15:53.670 GMT-0800,210.262,209.908,0.0132,0.0132
13.11.2023 07:16:04.061 GMT-0800,210.262,209.888,0.0132,0.0132
13.11.2023 07:16:10.457 GMT-0800,210.292,209.888,0.0132,0.0132
13.11.2023 07:16:11.183 GMT-0800,210.21200000000002,209.888,0.0009,0.0132
13.11.2023 07:16:28.677 GMT-0800,210.202,209.888,0.0009,0.009
13.11.2023 07:16:28.727 GMT-0800,210.14200000000002,209.778,0.0132,0.0132
13.11.2023 07:16:28.782 GMT-0800,209.99200000000002,209.778,0.0009,0.0132
13.11.2023 07:16:32.425 GMT-0800,209.99200000000002,209.868,0.009,0.0009
13.11.2023 07:16:32.476 GMT-0800,210.162,209.778,0.0132,0.0132
13.11.2023 07:16:35.134 GMT-0800,210.24200000000002,209.778,0.0132,0.0132
13.11.2023 07:16:51.665 GMT-0800,210.17200000000003,209.778,0.0009,0.0132
13.11.2023 07:17:08.347 GMT-0800,210.24200000000002,209.778,0.0132,0.0132
13.11.2023 07:17:08.864 GMT-0800,210.24200000000002,209.948,0.0132,0.0009
13.11.2023 07:17:08.915 GMT-0800,210.24200000000002,209.778,0.0132,0.0132
13.11.2023 07:17:16.198 GMT-0800,210.24200000000002,209.808,0.0132,0.0009
13.11.2023 07:17:16.846 GMT-0800,210.24200000000002,209.778,0.0132,0.0132
13.11.2023 07:17:18.785 GMT-0800,210.24200000000002,209.788,0.0132,0.0009
13.11.2023 07:17:18.895 GMT-0800,210.232,209.788,0.0009,0.0132
13.11.2023 07:17:19.842 GMT-0800,210.232,209.778,0.0132,0.0132
13.11.2023 07:17:20.130 GMT-0800,210.24200000000002,209.778,0.0132,0.0132
13.11.2023 07:17:55.242 GMT-0800,210.24200000000002,209.898,0.0132,0.0009
13.11.2023 07:17:57.818 GMT-0800,210.24200000000002,209.778,0.0132,0.0132
13.11.2023 07:18:01.678 GMT-0800,210.24200000000002,209.838,0.0132,0.0009
13.11.2023 07:18:01.728 GMT-0800,210.24200000000002,209.798,0.0132,0.0009
13.11.2023 07:18:09.493 GMT-0800,210.24200000000002,209.858,0.0132,0.0009
13.11.2023 07:18:13.194 GMT-0800,210.21200000000002,209.858,0.0009,0.0132
13.11.2023 07:18:19.341 GMT-0800,210.21200000000002,209.928,0.0132,0.0009
13.11.2023 07:18:27.933 GMT-0800,210.24200000000002,209.928,0.0132,0.0132
13.11.2023 07:18:40.756 GMT-0800,210.24200000000002,209.828,0.0132,0.0132
13.11.2023 07:18:53.319 GMT-0800,210.342,209.828,0.0132,0.0132
13.11.2023 07:18:53.370 GMT-0800,210.342,209.888,0.0132,0.0132
13.11.2023 07:18:55.618 GMT-0800,210.342,209.878,0.0132,0.0132
13.11.2023 07:19:03.065 GMT-0800,210.342,209.888,0.0132,0.0009
13.11.2023 07:19:03.373 GMT-0800,210.342,209.878,0.0132,0.0132
13.11.2023 07:19:21.070 GMT-0800,210.33200000000002,209.878,0.0009,0.0132
13.11.2023 07:19:21.187 GMT-0800,210.222,209.878,0.0132,0.0132
13.11.2023 07:19:21.474 GMT-0800,210.222,209.968,0.0132,0.0009
13.11.2023 07:19:21.575 GMT-0800,210.202,209.878,0.0132,0.0132
13.11.2023 07:19:21.801 GMT-0800,209.965,209.878,0.0009,0.009
13.11.2023 07:19:21.852 GMT-0800,209.93200000000002,209.808,0.0009,0.009
13.11.2023 07:19:21.903 GMT-0800,209.93200000000002,209.798,0.0132,0.009
13.11.2023 07:19:21.954 GMT-0800,209.93200000000002,209.728,0.0132,0.0132
13.11.2023 07:19:25.501 GMT-0800,209.93200000000002,209.738,0.009,0.0009
13.11.2023 07:19:25.552 GMT-0800,210.14200000000002,209.738,0.0132,0.0132
13.11.2023 07:19:26.560 GMT-0800,210.14200000000002,209.728,0.0132,0.0132
13.11.2023 07:19:34.096 GMT-0800,210.14200000000002,209.828,0.0132,0.0009
13.11.2023 07:19:42.450 GMT-0800,209.972,209.648,0.0132,0.0132
13.11.2023 07:19:42.581 GMT-0800,209.982,209.648,0.0132,0.0132
13.11.2023 07:19:44.383 GMT-0800,210.11200000000002,209.648,0.0132,0.0132
13.11.2023 07:19:46.367 GMT-0800,210.08200000000002,209.648,0.0009,0.009
13.11.2023 07:19:46.459 GMT-0800,210.08200000000002,209.408,0.0132,0.0132
13.11.2023 07:19:58.700 GMT-0800,210.062,209.408,0.0009,0.0132
13.11.2023 07:19:59.022 GMT-0800,210.05200000000002,209.408,0.0009,0.0132
13.11.2023 07:20:00.101 GMT-0800,210.062,209.408,0.0132,0.0132
13.11.2023 07:20:02.335 GMT-0800,210.042,209.408,0.0009,0.0132
13.11.2023 07:20:03.078 GMT-0800,210.002,209.408,0.0009,0.0132
13.11.2023 07:20:03.179 GMT-0800,210.042,209.408,0.0132,0.0132
13.11.2023 07:20:03.350 GMT-0800,210.062,209.408,0.0132,0.0132
13.11.2023 07:20:04.353 GMT-0800,210.032,209.408,0.0009,0.0132
13.11.2023 07:20:11.890 GMT-0800,210.02200000000002,209.408,0.0009,0.0132
13.11.2023 07:20:12.001 GMT-0800,209.68200000000002,209.408,0.0009,0.009
13.11.2023 07:20:12.052 GMT-0800,209.68200000000002,209.238,0.0132,0.0132
13.11.2023 07:20:13.952 GMT-0800,209.90200000000002,209.238,0.0132,0.0132
13.11.2023 07:20:23.812 GMT-0800,209.90200000000002,209.508,0.0132,0.0009
13.11.2023 07:20:23.965 GMT-0800,209.90200000000002,209.238,0.0132,0.0132
13.11.2023 07:20:30.723 GMT-0800,209.77200000000002,209.238,0.0009,0.0132
13.11.2023 07:20:33.782 GMT-0800,209.77200000000002,209.288,0.0132,0.0009
13.11.2023 07:20:54.404 GMT-0800,209.77200000000002,209.31799999999998,0.0132,0.0009
13.11.2023 07:20:59.488 GMT-0800,209.77200000000002,209.388,0.0132,0.0009
13.11.2023 07:21:00.811 GMT-0800,209.762,209.388,0.0009,0.0132
13.11.2023 07:21:01.593 GMT-0800,209.77200000000002,209.388,0.0132,0.0132
13.11.2023 07:21:04.995 GMT-0800,209.77200000000002,209.59799999999998,0.009,0.0009
13.11.2023 07:21:05.046 GMT-0800,209.90200000000002,209.59799999999998,0.0132,0.0132
13.11.2023 07:21:16.963 GMT-0800,209.90200000000002,209.618,0.0132,0.0009
13.11.2023 07:21:19.939 GMT-0800,209.96200000000002,209.618,0.0132,0.0132
13.11.2023 07:21:20.131 GMT-0800,209.96200000000002,209.59799999999998,0.0132,0.0132
13.11.2023 07:21:36.064 GMT-0800,209.96200000000002,209.608,0.0132,0.0009
13.11.2023 07:21:37.117 GMT-0800,209.96200000000002,209.59799999999998,0.0132,0.0132
13.11.2023 07:21:39.775 GMT-0800,209.96200000000002,209.778,0.009,0.0009
13.11.2023 07:21:39.825 GMT-0800,210.02200000000002,209.778,0.0132,0.0132
13.11.2023 07:21:41.720 GMT-0800,210.02200000000002,209.648,0.0132,0.0132
13.11.2023 07:21:43.864 GMT-0800,210.02200000000002,209.81799999999998,0.0132,0.0009
13.11.2023 07:21:44.310 GMT-0800,210.02200000000002,209.648,0.0132,0.0132
13.11.2023 07:21:51.075 GMT-0800,210.02200000000002,209.658,0.009,0.0009
13.11.2023 07:21:51.126 GMT-0800,210.08200000000002,209.658,0.0132,0.0132
13.11.2023 07:21:51.489 GMT-0800,210.012,209.658,0.0009,0.0132
13.11.2023 07:21:51.540 GMT-0800,210.08200000000002,209.658,0.0132,0.0132
13.11.2023 07:21:52.138 GMT-0800,210.08200000000002,209.648,0.0132,0.0132
13.11.2023 07:22:17.558 GMT-0800,210.08200000000002,209.888,0.009,0.0009
13.11.2023 07:22:17.609 GMT-0800,210.17200000000003,209.888,0.0132,0.0132
13.11.2023 07:22:19.503 GMT-0800,210.17200000000003,209.648,0.0132,0.0132
13.11.2023 07:22:24.067 GMT-0800,210.17200000000003,209.658,0.0132,0.0009
13.11.2023 07:22:26.358 GMT-0800,210.162,209.658,0.0009,0.0132
13.11.2023 07:22:26.482 GMT-0800,209.96200000000002,209.658,0.0009,0.0132
13.11.2023 07:22:26.584 GMT-0800,209.852,209.658,0.0009,0.0132
13.11.2023 07:22:26.635 GMT-0800,209.96200000000002,209.658,0.0132,0.0132
13.11.2023 07:22:27.064 GMT-0800,209.96200000000002,209.59799999999998,0.0132,0.0132
13.11.2023 07:22:27.546 GMT-0800,209.972,209.59799999999998,0.0132,0.0132
13.11.2023 07:22:48.836 GMT-0800,210.17200000000003,209.59799999999998,0.0132,0.0132
13.11.2023 07:23:00.878 GMT-0800,210.08200000000002,209.59799999999998,0.0009,0.0132
13.11.2023 07:23:01.311 GMT-0800,210.122,209.59799999999998,0.0132,0.0132
13.11.2023 07:23:01.525 GMT-0800,210.08200000000002,209.59799999999998,0.0009,0.0132
13.11.2023 07:23:01.576 GMT-0800,210.17200000000003,209.59799999999998,0.0132,0.0132
13.11.2023 07:23:02.835 GMT-0800,210.15200000000002,209.59799999999998,0.0009,0.0132
13.11.2023 07:23:06.412 GMT-0800,210.17200000000003,209.59799999999998,0.0132,0.0132
13.11.2023 07:23:11.686 GMT-0800,210.17200000000003,209.788,0.0132,0.0009
13.11.2023 07:23:11.742 GMT-0800,210.11200000000002,209.59799999999998,0.0132,0.0132
13.11.2023 07:23:11.944 GMT-0800,210.11200000000002,209.718,0.0132,0.0009
13.11.2023 07:23:16.361 GMT-0800,210.11200000000002,209.59799999999998,0.0132,0.0132
13.11.2023 07:23:34.187 GMT-0800,210.062,209.59799999999998,0.0009,0.0132
13.11.2023 07:23:49.060 GMT-0800,209.93200000000002,209.59799999999998,0.0009,0.0132
13.11.2023 07:23:49.111 GMT-0800,210.062,209.59799999999998,0.0132,0.0132
13.11.2023 07:23:52.784 GMT-0800,209.93200000000002,209.59799999999998,0.0009,0.0132
13.11.2023 07:23:52.886 GMT-0800,210.062,209.59799999999998,0.0132,0.0132
13.11.2023 07:24:08.455 GMT-0800,210.11200000000002,209.59799999999998,0.0132,0.0132
13.11.2023 07:24:24.700 GMT-0800,210.11200000000002,209.678,0.0132,0.0009
13.11.2023 07:24:26.469 GMT-0800,210.11200000000002,209.59799999999998,0.0132,0.0132
13.11.2023 07:24:31.502 GMT-0800,210.11200000000002,209.708,0.0132,0.0009
13.11.2023 07:24:34.834 GMT-0800,210.11200000000002,209.718,0.0132,0.0009
13.11.2023 07:24:37.404 GMT-0800,210.11200000000002,209.708,0.0132,0.0132
13.11.2023 07:24:42.339 GMT-0800,210.11200000000002,209.59799999999998,0.0132,0.0132
13.11.2023 07:24:43.179 GMT-0800,210.11200000000002,209.748,0.0132,0.0009
13.11.2023 07:24:49.435 GMT-0800,210.11200000000002,209.768,0.0132,0.0009
13.11.2023 07:24:50.210 GMT-0800,210.11200000000002,209.778,0.0132,0.0009
13.11.2023 07:24:55.596 GMT-0800,210.11200000000002,209.628,0.0132,0.0132
13.11.2023 07:24:55.647 GMT-0800,210.11200000000002,209.788,0.0132,0.0132
13.11.2023 07:25:04.121 GMT-0800,210.102,209.788,0.0009,0.0132
13.11.2023 07:25:05.031 GMT-0800,210.102,209.918,0.009,0.0009
13.11.2023 07:25:05.082 GMT-0800,210.17200000000003,209.938,0.0132,0.0132
13.11.2023 07:25:07.095 GMT-0800,210.17200000000003,209.828,0.0132,0.0132
13.11.2023 07:25:13.303 GMT-0800,210.162,209.828,0.0009,0.0132
13.11.2023 07:25:13.536 GMT-0800,210.17200000000003,209.828,0.0132,0.0132
13.11.2023 07:25:14.394 GMT-0800,210.132,209.828,0.0009,0.0132
13.11.2023 07:25:21.518 GMT-0800,210.132,209.838,0.0132,0.0009
13.11.2023 07:25:31.060 GMT-0800,210.132,209.858,0.0132,0.0009
13.11.2023 07:25:32.163 GMT-0800,210.132,209.838,0.0132,0.0132
13.11.2023 07:25:36.978 GMT-0800,210.132,209.828,0.0132,0.0132
13.11.2023 07:25:42.922 GMT-0800,210.122,209.828,0.0009,0.0132
13.11.2023 07:25:49.971 GMT-0800,210.072,209.878,0.0009,0.0009
13.11.2023 07:25:50.022 GMT-0800,210.162,209.828,0.0132,0.0132
13.11.2023 07:25:50.936 GMT-0800,210.162,209.838,0.0132,0.0009
13.11.2023 07:26:00.342 GMT-0800,210.042,209.838,0.0009,0.009
13.11.2023 07:26:00.393 GMT-0800,210.042,209.748,0.0132,0.0132
13.11.2023 07:26:02.779 GMT-0800,209.93200000000002,209.748,0.0009,0.009
13.11.2023 07:26:02.830 GMT-0800,209.93200000000002,209.688,0.0132,0.0132
13.11.2023 07:26:07.302 GMT-0800,209.912,209.688,0.0009,0.0132
13.11.2023 07:26:07.403 GMT-0800,209.93200000000002,209.688,0.0132,0.0132
13.11.2023 07:26:16.868 GMT-0800,209.93200000000002,209.718,0.009,0.0009
13.11.2023 07:26:16.980 GMT-0800,210.072,209.628,0.0132,0.0132
13.11.2023 07:26:17.042 GMT-0800,210.072,209.728,0.0132,0.0132
13.11.2023 07:26:32.158 GMT-0800,210.072,209.758,0.0132,0.0009
13.11.2023 07:26:35.542 GMT-0800,210.08200000000002,209.758,0.0132,0.0132
13.11.2023 07:26:45.303 GMT-0800,210.15200000000002,209.758,0.0132,0.0132
13.11.2023 07:26:46.763 GMT-0800,210.15200000000002,209.878,0.0132,0.0009
13.11.2023 07:26:52.497 GMT-0800,210.15200000000002,209.968,0.0132,0.0009
13.11.2023 07:26:59.624 GMT-0800,210.15200000000002,209.778,0.0132,0.0132
13.11.2023 07:27:00.816 GMT-0800,210.15200000000002,209.868,0.0132,0.0009
13.11.2023 07:27:01.678 GMT-0800,210.14200000000002,209.868,0.0009,0.0132
13.11.2023 07:27:02.957 GMT-0800,210.15200000000002,209.868,0.0132,0.0132
13.11.2023 07:27:23.790 GMT-0800,210.11200000000002,209.868,0.0009,0.0132
13.11.2023 07:27:24.538 GMT-0800,210.11200000000002,209.878,0.0132,0.0009
13.11.2023 07:27:27.367 GMT-0800,210.02200000000002,209.878,0.0009,0.009
13.11.2023 07:27:27.418 GMT-0800,210.02200000000002,209.778,0.0132,0.0132
13.11.2023 07:27:48.141 GMT-0800,210.072,209.778,0.0132,0.0132
13.11.2023 07:28:19.414 GMT-0800,210.072,209.788,0.0132,0.0009
13.11.2023 07:28:22.937 GMT-0800,210.072,209.868,0.0132,0.0009
13.11.2023 07:28:22.988 GMT-0800,210.17200000000003,209.778,0.0132,0.0132
13.11.2023 07:28:24.905 GMT-0800,210.17200000000003,209.808,0.0132,0.0009
13.11.2023 07:28:34.616 GMT-0800,210.14200000000002,209.808,0.0009,0.0132
13.11.2023 07:28:40.264 GMT-0800,210.14200000000002,209.838,0.0132,0.0009
13.11.2023 07:28:40.979 GMT-0800,210.14200000000002,209.788,0.0132,0.0132
13.11.2023 07:28:41.973 GMT-0800,210.062,209.788,0.0009,0.0132
13.11.2023 07:28:42.935 GMT-0800,210.05200000000002,209.788,0.0009,0.0132
13.11.2023 07:28:49.920 GMT-0800,210.002,209.788,0.0009,0.0132
13.11.2023 07:29:11.320 GMT-0800,210.012,209.788,0.0132,0.0132
13.11.2023 07:29:25.988 GMT-0800,209.942,209.788,0.0009,0.009
13.11.2023 07:29:26.039 GMT-0800,210.002,209.788,0.0009,0.009
13.11.2023 07:29:26.090 GMT-0800,210.002,209.738,0.0132,0.0132
13.11.2023 07:29:26.693 GMT-0800,209.96200000000002,209.738,0.0009,0.0132
13.11.2023 07:29:28.232 GMT-0800,209.942,209.738,0.0009,0.0132
13.11.2023 07:29:37.138 GMT-0800,209.942,209.748,0.0132,0.0009
13.11.2023 07:29:44.791 GMT-0800,209.942,209.758,0.009,0.0009
13.11.2023 07:29:44.843 GMT-0800,210.05200000000002,209.758,0.0132,0.0132
13.11.2023 07:29:45.045 GMT-0800,210.032,209.758,0.0009,0.0132
13.11.2023 07:29:45.906 GMT-0800,210.032,209.748,0.0132,0.0132
13.11.2023 07:29:47.841 GMT-0800,210.032,209.84799999999998,0.009,0.0009
13.11.2023 07:29:47.893 GMT-0800,210.05200000000002,209.84799999999998,0.0132,0.0132
13.11.2023 07:29:49.730 GMT-0800,210.092,209.84799999999998,0.0132,0.0132
13.11.2023 07:30:00.518 GMT-0800,210.08200000000002,209.84799999999998,0.0009,0.0132
13.11.2023 07:30:03.324 GMT-0800,210.08200000000002,209.81799999999998,0.0132,0.0132
13.11.2023 07:30:07.018 GMT-0800,210.08200000000002,209.828,0.0132,0.0009
13.11.2023 07:30:13.045 GMT-0800,210.08200000000002,209.81799999999998,0.0132,0.0132
13.11.2023 07:30:14.963 GMT-0800,210.08200000000002,209.698,0.0132,0.0132
13.11.2023 07:30:15.054 GMT-0800,210.08200000000002,209.728,0.0132,0.0009
13.11.2023 07:30:18.176 GMT-0800,209.89200000000002,209.728,0.0009,0.009
13.11.2023 07:30:18.227 GMT-0800,209.89200000000002,209.668,0.0132,0.0132
13.11.2023 07:30:18.485 GMT-0800,209.90200000000002,209.668,0.0132,0.0132
13.11.2023 07:30:19.156 GMT-0800,210.08200000000002,209.668,0.0132,0.0132
13.11.2023 07:30:33.381 GMT-0800,210.08200000000002,209.698,0.0132,0.0009
13.11.2023 07:30:48.221 GMT-0800,209.90200000000002,209.698,0.0009,0.0132
13.11.2023 07:30:48.448 GMT-0800,209.90200000000002,209.668,0.0132,0.0132
13.11.2023 07:30:54.051 GMT-0800,210.042,209.59799999999998,0.0132,0.0132
13.11.2023 07:30:54.101 GMT-0800,210.042,209.668,0.0132,0.009
13.11.2023 07:30:54.152 GMT-0800,210.042,209.59799999999998,0.0132,0.0132
13.11.2023 07:30:54.759 GMT-0800,210.012,209.59799999999998,0.0009,0.0132
13.11.2023 07:30:54.810 GMT-0800,210.02200000000002,209.59799999999998,0.0132,0.0132
13.11.2023 07:31:04.419 GMT-0800,210.02200000000002,209.528,0.0132,0.0132
13.11.2023 07:31:04.477 GMT-0800,210.02200000000002,209.688,0.0132,0.0009
13.11.2023 07:31:06.743 GMT-0800,210.042,209.688,0.0132,0.0132
13.11.2023 07:31:13.871 GMT-0800,210.042,209.81799999999998,0.0132,0.0009
13.11.2023 07:31:17.954 GMT-0800,210.042,209.908,0.009,0.0009
13.11.2023 07:31:18.005 GMT-0800,210.17200000000003,209.908,0.0132,0.0132
13.11.2023 07:31:27.172 GMT-0800,210.17200000000003,210.088,0.009,0.0009
13.11.2023 07:31:27.223 GMT-0800,210.282,210.028,0.0132,0.0132
13.11.2023 07:31:29.155 GMT-0800,210.282,209.998,0.0132,0.0132
13.11.2023 07:31:36.963 GMT-0800,210.282,210.09799999999998,0.009,0.0009
13.11.2023 07:31:37.014 GMT-0800,210.33200000000002,210.09799999999998,0.0132,0.0132
13.11.2023 07:31:37.303 GMT-0800,210.252,210.09799999999998,0.0009,0.0132
13.11.2023 07:31:37.354 GMT-0800,210.33200000000002,210.09799999999998,0.0132,0.0132
13.11.2023 07:31:38.643 GMT-0800,210.33200000000002,210.018,0.0132,0.0132
13.11.2023 07:31:46.165 GMT-0800,210.33200000000002,210.028,0.0132,0.0009
13.11.2023 07:32:01.633 GMT-0800,210.33200000000002,210.198,0.009,0.0009
13.11.2023 07:32:01.692 GMT-0800,210.52200000000002,210.198,0.0132,0.0132
13.11.2023 07:32:01.968 GMT-0800,210.52200000000002,210.178,0.0132,0.0132
13.11.2023 07:32:02.232 GMT-0800,210.52200000000002,210.188,0.0132,0.0009
13.11.2023 07:32:04.194 GMT-0800,210.52200000000002,210.258,0.0132,0.0009
13.11.2023 07:32:04.496 GMT-0800,210.52200000000002,210.268,0.0132,0.0009
13.11.2023 07:32:09.616 GMT-0800,210.52200000000002,210.258,0.0132,0.0132
13.11.2023 07:32:15.825 GMT-0800,210.525,210.398,0.009,0.0009
13.11.2023 07:32:15.876 GMT-0800,210.71200000000002,210.258,0.0132,0.0132
13.11.2023 07:32:16.645 GMT-0800,210.752,210.258,0.0132,0.0132
13.11.2023 07:32:17.021 GMT-0800,210.92200000000003,210.258,0.0132,0.0132
13.11.2023 07:32:18.911 GMT-0800,210.71200000000002,210.258,0.0009,0.0132
13.11.2023 07:32:27.929 GMT-0800,210.692,210.258,0.0009,0.0132
13.11.2023 07:32:33.967 GMT-0800,210.68200000000002,210.258,0.0009,0.0132
13.11.2023 07:32:34.301 GMT-0800,210.622,210.258,0.0009,0.0132
13.11.2023 07:32:35.224 GMT-0800,210.58200000000002,210.258,0.0009,0.0132
13.11.2023 07:32:35.993 GMT-0800,210.562,210.258,0.0009,0.0132
13.11.2023 07:32:36.095 GMT-0800,210.572,210.188,0.0132,0.0132
13.11.2023 07:32:36.575 GMT-0800,210.562,210.188,0.0009,0.0132
13.11.2023 07:32:45.072 GMT-0800,210.58200000000002,210.188,0.0132,0.0132
13.11.2023 07:32:49.437 GMT-0800,210.562,210.188,0.0009,0.0132
13.11.2023 07:32:50.200 GMT-0800,210.58200000000002,210.188,0.0132,0.0132
13.11.2023 07:32:53.445 GMT-0800,210.532,210.188,0.0009,0.0132
13.11.2023 07:32:53.546 GMT-0800,210.33200000000002,210.188,0.0132,0.0132
13.11.2023 07:32:55.446 GMT-0800,210.532,210.188,0.0132,0.0132
13.11.2023 07:32:58.887 GMT-0800,210.322,210.188,0.0009,0.009
13.11.2023 07:32:58.972 GMT-0800,210.39200000000002,210.188,0.0009,0.009
13.11.2023 07:32:59.073 GMT-0800,210.40200000000002,210.148,0.0132,0.0132
13.11.2023 07:33:37.179 GMT-0800,210.40200000000002,210.158,0.0132,0.0009
13.11.2023 07:33:38.115 GMT-0800,210.40200000000002,210.088,0.0132,0.0132
13.11.2023 07:33:40.208 GMT-0800,210.40200000000002,210.158,0.0132,0.0009
13.11.2023 07:33:43.899 GMT-0800,210.312,210.158,0.0009,0.009
13.11.2023 07:33:43.950 GMT-0800,210.40200000000002,210.158,0.012,0.009
13.11.2023 07:33:44.061 GMT-0800,210.21200000000002,210.058,0.0132,0.0132
13.11.2023 07:33:44.112 GMT-0800,210.21200000000002,210.038,0.0132,0.0132
13.11.2023 07:33:45.675 GMT-0800,210.162,210.038,0.0009,0.009
13.11.2023 07:33:45.726 GMT-0800,210.162,210.008,0.0132,0.0132
13.11.2023 07:33:46.063 GMT-0800,210.202,210.008,0.0132,0.0132
13.11.2023 07:33:46.530 GMT-0800,210.162,210.008,0.0009,0.0132
13.11.2023 07:33:48.212 GMT-0800,210.122,209.918,0.0132,0.0132
13.11.2023 07:33:48.581 GMT-0800,210.162,209.918,0.0132,0.0132
13.11.2023 07:33:48.731 GMT-0800,210.15200000000002,209.918,0.0009,0.0132
13.11.2023 07:33:52.568 GMT-0800,210.11200000000002,209.918,0.0009,0.009
13.11.2023 07:33:52.672 GMT-0800,210.042,209.918,0.0009,0.009
13.11.2023 07:33:52.723 GMT-0800,210.042,209.888,0.0132,0.0132
13.11.2023 07:33:53.063 GMT-0800,210.11200000000002,209.888,0.0132,0.0132
13.11.2023 07:34:01.851 GMT-0800,210.032,209.888,0.0009,0.0132
13.11.2023 07:34:04.267 GMT-0800,210.032,209.938,0.009,0.0009
13.11.2023 07:34:04.318 GMT-0800,210.21200000000002,209.938,0.0132,0.0132
13.11.2023 07:34:11.962 GMT-0800,210.21200000000002,209.948,0.009,0.0009
13.11.2023 07:34:12.013 GMT-0800,210.262,209.948,0.0132,0.0132
13.11.2023 07:34:12.904 GMT-0800,210.262,209.958,0.0132,0.0009
13.11.2023 07:34:13.070 GMT-0800,210.30200000000002,209.958,0.0132,0.0132
13.11.2023 07:34:18.547 GMT-0800,210.30200000000002,210.06799999999998,0.0132,0.0009
13.11.2023 07:34:20.220 GMT-0800,210.292,210.06799999999998,0.0009,0.0132
13.11.2023 07:34:44.904 GMT-0800,210.292,210.148,0.009,0.0009
13.11.2023 07:34:44.960 GMT-0800,210.40200000000002,210.148,0.0132,0.0132
13.11.2023 07:34:50.686 GMT-0800,210.452,210.148,0.0132,0.0132
13.11.2023 07:34:51.248 GMT-0800,210.42200000000003,210.148,0.0009,0.0132
13.11.2023 07:35:18.849 GMT-0800,210.412,210.148,0.0009,0.0132
13.11.2023 07:35:29.223 GMT-0800,210.42200000000003,210.148,0.0132,0.0132
13.11.2023 07:35:31.486 GMT-0800,210.412,210.148,0.0009,0.0132
13.11.2023 07:35:31.588 GMT-0800,210.42200000000003,210.148,0.0132,0.0132
13.11.2023 07:35:42.975 GMT-0800,210.412,210.148,0.0009,0.0132
13.11.2023 07:35:51.064 GMT-0800,210.412,210.248,0.009,0.0009
13.11.2023 07:35:51.115 GMT-0800,210.782,210.248,0.0132,0.0132
13.11.2023 07:35:51.527 GMT-0800,210.622,210.248,0.0009,0.0132
13.11.2023 07:36:03.004 GMT-0800,210.722,210.31799999999998,0.0009,0.0009
13.11.2023 07:36:03.055 GMT-0800,210.762,210.31799999999998,0.0132,0.0132
13.11.2023 07:36:04.061 GMT-0800,210.93200000000002,210.31799999999998,0.0132,0.0132
13.11.2023 07:36:04.833 GMT-0800,210.752,210.31799999999998,0.0009,0.0132
13.11.2023 07:36:16.541 GMT-0800,210.74200000000002,210.31799999999998,0.0009,0.0132
13.11.2023 07:36:16.642 GMT-0800,210.782,210.31799999999998,0.0132,0.0132
13.11.2023 07:36:26.680 GMT-0800,210.782,210.328,0.009,0.0009
13.11.2023 07:36:26.731 GMT-0800,210.852,210.34799999999998,0.0132,0.0132
13.11.2023 07:36:26.836 GMT-0800,210.852,210.358,0.0132,0.0009
13.11.2023 07:36:26.957 GMT-0800,210.90200000000002,210.358,0.0132,0.0132
13.11.2023 07:36:27.310 GMT-0800,210.972,210.358,0.0132,0.0132
13.11.2023 07:36:27.910 GMT-0800,210.972,210.378,0.0132,0.0009
13.11.2023 07:36:28.213 GMT-0800,210.92200000000003,210.378,0.0009,0.0132
13.11.2023 07:36:28.396 GMT-0800,210.912,210.378,0.0009,0.0132
13.11.2023 07:36:30.365 GMT-0800,210.77200000000002,210.378,0.0009,0.0132
13.11.2023 07:36:30.724 GMT-0800,210.882,210.378,0.0132,0.0132
13.11.2023 07:36:30.774 GMT-0800,210.86200000000002,210.378,0.0009,0.0132
13.11.2023 07:36:31.000 GMT-0800,210.822,210.378,0.0009,0.0132
13.11.2023 07:36:31.489 GMT-0800,210.882,210.378,0.0132,0.0132
13.11.2023 07:36:32.174 GMT-0800,210.822,210.378,0.0009,0.0132
13.11.2023 07:36:33.211 GMT-0800,210.882,210.378,0.0132,0.0132
13.11.2023 07:36:34.201 GMT-0800,210.692,210.378,0.0009,0.0132
13.11.2023 07:36:49.977 GMT-0800,210.692,210.498,0.009,0.0009
13.11.2023 07:36:50.028 GMT-0800,210.90200000000002,210.498,0.0132,0.0132
13.11.2023 07:37:02.226 GMT-0800,210.872,210.498,0.0009,0.0132
13.11.2023 07:37:02.336 GMT-0800,210.61200000000002,210.378,0.0132,0.0132
13.11.2023 07:37:02.640 GMT-0800,210.65200000000002,210.378,0.0132,0.0132
13.11.2023 07:37:04.187 GMT-0800,210.86200000000002,210.378,0.0132,0.0132
13.11.2023 07:37:05.318 GMT-0800,210.872,210.378,0.0132,0.0132
13.11.2023 07:37:06.613 GMT-0800,210.792,210.378,0.0009,0.0132
13.11.2023 07:37:06.765 GMT-0800,210.83200000000002,210.378,0.0132,0.0132
13.11.2023 07:37:08.836 GMT-0800,210.872,210.378,0.0132,0.0132
13.11.2023 07:37:14.485 GMT-0800,210.792,210.378,0.0009,0.0132
13.11.2023 07:37:14.535 GMT-0800,210.80200000000002,210.378,0.0132,0.0132
13.11.2023 07:37:30.227 GMT-0800,210.65200000000002,210.378,0.0009,0.0132
13.11.2023 07:37:37.408 GMT-0800,210.65200000000002,210.388,0.0132,0.0009
13.11.2023 07:37:48.063 GMT-0800,210.65200000000002,210.468,0.0132,0.0009
13.11.2023 07:37:49.345 GMT-0800,210.74200000000002,210.468,0.0132,0.0132
13.11.2023 07:37:49.788 GMT-0800,210.74200000000002,210.478,0.0132,0.0009
13.11.2023 07:37:49.890 GMT-0800,210.74200000000002,210.488,0.0132,0.0132
13.11.2023 07:37:50.592 GMT-0800,210.74200000000002,210.498,0.0132,0.0009
13.11.2023 07:37:51.426 GMT-0800,210.74200000000002,210.588,0.009,0.0009
13.11.2023 07:37:51.477 GMT-0800,210.872,210.588,0.0132,0.0132
13.11.2023 07:37:51.879 GMT-0800,210.872,210.498,0.0132,0.0132
13.11.2023 07:37:51.985 GMT-0800,210.872,210.508,0.0132,0.0009
13.11.2023 07:37:53.683 GMT-0800,210.872,210.488,0.0132,0.0132
13.11.2023 07:38:05.274 GMT-0800,210.872,210.528,0.009,0.0009
13.11.2023 07:38:05.325 GMT-0800,210.89200000000002,210.528,0.0132,0.0132
13.11.2023 07:38:11.218 GMT-0800,210.89200000000002,210.488,0.0132,0.0132
13.11.2023 07:38:15.264 GMT-0800,210.89200000000002,210.548,0.0132,0.0009
13.11.2023 07:38:16.927 GMT-0800,210.89200000000002,210.648,0.0132,0.0009
13.11.2023 07:38:18.528 GMT-0800,210.80200000000002,210.648,0.0009,0.009
13.11.2023 07:38:18.578 GMT-0800,210.80200000000002,210.548,0.0132,0.0132
13.11.2023 07:38:18.924 GMT-0800,210.89200000000002,210.488,0.0132,0.0132
13.11.2023 07:38:27.828 GMT-0800,210.89200000000002,210.588,0.0132,0.0009
13.11.2023 07:39:09.358 GMT-0800,210.89200000000002,210.608,0.0132,0.0009
13.11.2023 07:39:10.943 GMT-0800,210.89200000000002,210.618,0.0132,0.0009
13.11.2023 07:39:11.045 GMT-0800,210.89200000000002,210.608,0.0132,0.0132
13.11.2023 07:39:15.097 GMT-0800,210.842,210.608,0.0009,0.0132
13.11.2023 07:39:15.258 GMT-0800,210.89200000000002,210.608,0.0132,0.0132
13.11.2023 07:39:15.443 GMT-0800,210.89200000000002,210.648,0.0132,0.0009
13.11.2023 07:39:18.318 GMT-0800,210.792,210.648,0.0009,0.009
13.11.2023 07:39:18.369 GMT-0800,210.692,210.488,0.0132,0.0132
13.11.2023 07:39:18.420 GMT-0800,210.68200000000002,210.488,0.0132,0.0132
13.11.2023 07:39:19.473 GMT-0800,210.80200000000002,210.488,0.0132,0.0132
13.11.2023 07:39:21.131 GMT-0800,210.64200000000002,210.488,0.0009,0.009
13.11.2023 07:39:21.182 GMT-0800,210.792,210.378,0.0132,0.0132
13.11.2023 07:39:21.904 GMT-0800,210.77200000000002,210.378,0.0009,0.0132
13.11.2023 07:39:34.156 GMT-0800,210.662,210.378,0.0009,0.0132
13.11.2023 07:39:36.390 GMT-0800,210.662,210.388,0.0132,0.0009
13.11.2023 07:39:40.471 GMT-0800,210.662,210.378,0.0132,0.0132
13.11.2023 07:39:49.864 GMT-0800,210.77200000000002,210.378,0.0132,0.0132
13.11.2023 07:40:09.712 GMT-0800,210.77200000000002,210.428,0.0132,0.0009
13.11.2023 07:40:36.120 GMT-0800,210.77200000000002,210.56799999999998,0.009,0.0009
13.11.2023 07:40:36.171 GMT-0800,210.89200000000002,210.56799999999998,0.0132,0.0132
13.11.2023 07:40:36.509 GMT-0800,210.89200000000002,210.428,0.0132,0.0132
13.11.2023 07:40:38.418 GMT-0800,210.89200000000002,210.518,0.0132,0.0009
13.11.2023 07:40:39.195 GMT-0800,210.89200000000002,210.528,0.0132,0.0009
13.11.2023 07:40:40.117 GMT-0800,210.89200000000002,210.518,0.0132,0.0132
13.11.2023 07:40:48.763 GMT-0800,210.86200000000002,210.518,0.0009,0.0132
13.11.2023 07:40:53.713 GMT-0800,210.822,210.518,0.0009,0.0132
13.11.2023 07:40:53.931 GMT-0800,210.61200000000002,210.428,0.0132,0.009
13.11.2023 07:40:53.981 GMT-0800,210.61200000000002,210.378,0.0132,0.0132
13.11.2023 07:40:54.282 GMT-0800,210.65200000000002,210.378,0.0132,0.0132
13.11.2023 07:40:56.779 GMT-0800,210.64200000000002,210.378,0.0009,0.0132
13.11.2023 07:41:02.798 GMT-0800,210.65200000000002,210.378,0.0132,0.0132
13.11.2023 07:41:12.549 GMT-0800,210.65200000000002,210.518,0.009,0.0009
13.11.2023 07:41:12.600 GMT-0800,210.77200000000002,210.518,0.0132,0.0132
13.11.2023 07:41:12.941 GMT-0800,210.77200000000002,210.388,0.0132,0.0132
