Local time,Ask,Bid,AskVolume,BidVolume
13.11.2023 06:30:01.163 GMT-0800,174.697,173.483,0.0009,0.009
13.11.2023 06:30:01.215 GMT-0800,174.697,173.47299999999998,0.0132,0.0132
13.11.2023 06:30:01.850 GMT-0800,174.713,174.113,0.009,0.0009
13.11.2023 06:30:01.990 GMT-0800,176.567,174.113,0.0132,0.0132
13.11.2023 06:30:02.089 GMT-0800,175.077,174.113,0.0009,0.0132
13.11.2023 06:30:02.439 GMT-0800,175.17700000000002,174.113,0.0009,0.0132
13.11.2023 06:30:02.521 GMT-0800,175.39700000000002,174.113,0.0009,0.0132
13.11.2023 06:30:04.557 GMT-0800,175.227,174.113,0.0009,0.0132
13.11.2023 06:30:20.853 GMT-0800,175.227,173.823,0.0132,0.0132
13.11.2023 06:30:21.255 GMT-0800,175.227,173.833,0.0132,0.0009
13.11.2023 06:30:21.458 GMT-0800,175.227,173.823,0.0132,0.0132
13.11.2023 06:30:27.116 GMT-0800,174.817,173.833,0.0009,0.0009
13.11.2023 06:30:27.256 GMT-0800,175.227,173.823,0.0132,0.0132
13.11.2023 06:30:29.740 GMT-0800,175.227,173.833,0.0132,0.0009
13.11.2023 06:30:29.841 GMT-0800,175.227,173.823,0.0132,0.0132
13.11.2023 06:30:34.453 GMT-0800,175.227,173.833,0.0132,0.0009
13.11.2023 06:30:34.655 GMT-0800,175.227,173.823,0.0132,0.0132
13.11.2023 06:30:51.530 GMT-0800,175.227,173.833,0.0132,0.0009
13.11.2023 06:30:51.581 GMT-0800,175.227,173.823,0.0132,0.0132
13.11.2023 06:31:02.598 GMT-0800,175.227,173.833,0.0132,0.0009
13.11.2023 06:31:02.700 GMT-0800,175.227,173.823,0.0132,0.0132
13.11.2023 06:31:41.037 GMT-0800,175.227,173.833,0.0132,0.0009
13.11.2023 06:31:41.293 GMT-0800,175.227,173.823,0.0132,0.0132
13.11.2023 06:31:51.566 GMT-0800,175.227,173.833,0.0132,0.0009
13.11.2023 06:31:51.751 GMT-0800,175.227,173.823,0.0132,0.0132
13.11.2023 06:31:55.735 GMT-0800,175.227,173.833,0.0132,0.0009
13.11.2023 06:31:55.786 GMT-0800,175.227,173.823,0.0132,0.0132
13.11.2023 06:31:57.364 GMT-0800,175.227,173.833,0.0132,0.0009
13.11.2023 06:31:57.415 GMT-0800,175.227,173.823,0.0132,0.0132
13.11.2023 06:32:11.035 GMT-0800,175.227,173.833,0.0132,0.0009
13.11.2023 06:32:11.253 GMT-0800,175.227,173.823,0.0132,0.0132
13.11.2023 06:32:15.106 GMT-0800,175.227,174.573,0.009,0.0009
13.11.2023 06:32:15.157 GMT-0800,175.95700000000002,173.933,0.0132,0.0132
13.11.2023 06:32:15.208 GMT-0800,175.95700000000002,173.993,0.0132,0.0132
13.11.2023 06:32:15.700 GMT-0800,175.937,173.993,0.0132,0.0132
13.11.2023 06:32:16.075 GMT-0800,175.937,174.573,0.0132,0.0009
13.11.2023 06:32:16.691 GMT-0800,175.95700000000002,174.573,0.0132,0.0132
13.11.2023 06:32:16.956 GMT-0800,175.95700000000002,174.863,0.0132,0.0009
13.11.2023 06:32:17.149 GMT-0800,175.947,174.863,0.0009,0.0132
13.11.2023 06:32:18.999 GMT-0800,175.937,174.863,0.0009,0.0132
13.11.2023 06:32:35.241 GMT-0800,175.92700000000002,174.863,0.0009,0.0132
13.11.2023 06:32:35.292 GMT-0800,176.577,174.863,0.0132,0.0132
13.11.2023 06:32:37.860 GMT-0800,176.577,175.133,0.0132,0.0009
13.11.2023 06:32:52.675 GMT-0800,176.577,175.123,0.0132,0.0132
13.11.2023 06:32:53.711 GMT-0800,176.577,175.343,0.0132,0.0009
13.11.2023 06:33:03.017 GMT-0800,176.577,175.123,0.0132,0.0132
13.11.2023 06:33:30.431 GMT-0800,176.577,175.383,0.0132,0.0009
13.11.2023 06:33:30.482 GMT-0800,176.83700000000002,175.383,0.0132,0.0132
13.11.2023 06:33:30.958 GMT-0800,177.227,175.383,0.0132,0.0132
13.11.2023 06:33:31.396 GMT-0800,177.227,175.47299999999998,0.0132,0.0009
13.11.2023 06:33:32.804 GMT-0800,177.227,175.733,0.0132,0.0009
13.11.2023 06:33:33.237 GMT-0800,176.937,175.733,0.0009,0.0132
13.11.2023 06:33:33.364 GMT-0800,176.937,175.743,0.009,0.0009
13.11.2023 06:33:33.414 GMT-0800,177.26700000000002,175.743,0.0009,0.0132
13.11.2023 06:33:36.439 GMT-0800,177.26700000000002,175.733,0.0132,0.0132
13.11.2023 06:33:50.013 GMT-0800,177.36700000000002,175.733,0.0132,0.0132
13.11.2023 06:33:50.063 GMT-0800,177.26700000000002,175.733,0.0009,0.0132
13.11.2023 06:34:06.740 GMT-0800,177.26700000000002,175.763,0.0132,0.0009
13.11.2023 06:34:09.346 GMT-0800,176.95700000000002,175.763,0.0009,0.0132
13.11.2023 06:34:10.543 GMT-0800,176.95700000000002,175.733,0.0132,0.0132
13.11.2023 06:34:11.272 GMT-0800,176.95700000000002,175.763,0.0132,0.0009
13.11.2023 06:34:12.547 GMT-0800,176.95700000000002,175.733,0.0132,0.0132
13.11.2023 06:34:17.008 GMT-0800,176.05700000000002,175.733,0.0009,0.009
13.11.2023 06:34:17.105 GMT-0800,176.05700000000002,175.383,0.0132,0.0132
13.11.2023 06:34:20.064 GMT-0800,175.747,175.383,0.0009,0.009
13.11.2023 06:34:20.115 GMT-0800,176.05700000000002,174.833,0.0132,0.0132
13.11.2023 06:34:20.475 GMT-0800,176.05700000000002,174.563,0.0132,0.0132
13.11.2023 06:34:20.526 GMT-0800,176.05700000000002,174.033,0.0132,0.0132
13.11.2023 06:34:21.373 GMT-0800,176.05700000000002,174.403,0.0132,0.0009
13.11.2023 06:34:22.954 GMT-0800,176.05700000000002,174.313,0.0132,0.0132
13.11.2023 06:34:23.801 GMT-0800,176.05700000000002,174.403,0.0132,0.0009
13.11.2023 06:34:31.356 GMT-0800,176.05700000000002,174.433,0.0132,0.0009
13.11.2023 06:35:12.017 GMT-0800,176.05700000000002,174.713,0.0132,0.0009
13.11.2023 06:35:28.087 GMT-0800,176.247,174.713,0.0132,0.0132
13.11.2023 06:35:46.157 GMT-0800,176.247,174.753,0.0132,0.0009
13.11.2023 06:35:54.315 GMT-0800,176.247,174.713,0.0132,0.0132
13.11.2023 06:36:45.030 GMT-0800,176.01700000000002,174.713,0.0009,0.0132
13.11.2023 06:36:58.812 GMT-0800,175.967,174.713,0.0009,0.0132
13.11.2023 06:37:03.027 GMT-0800,175.967,174.333,0.0132,0.0132
13.11.2023 06:37:03.854 GMT-0800,175.967,174.093,0.0132,0.0132
13.11.2023 06:37:05.041 GMT-0800,175.967,173.69299999999998,0.0132,0.0132
13.11.2023 06:37:05.091 GMT-0800,175.967,174.333,0.0132,0.0009
13.11.2023 06:37:07.618 GMT-0800,175.967,174.423,0.0132,0.009
13.11.2023 06:37:07.669 GMT-0800,175.967,174.023,0.0132,0.0132
13.11.2023 06:37:10.410 GMT-0800,175.967,174.333,0.0132,0.0009
13.11.2023 06:37:12.145 GMT-0800,175.967,174.023,0.0132,0.0132
13.11.2023 06:37:13.634 GMT-0800,175.967,174.333,0.0132,0.0009
13.11.2023 06:37:15.050 GMT-0800,175.967,174.713,0.0132,0.0009
13.11.2023 06:37:31.751 GMT-0800,175.857,174.713,0.0132,0.0132
13.11.2023 06:37:43.986 GMT-0800,175.51700000000002,174.713,0.009,0.0009
13.11.2023 06:37:44.043 GMT-0800,175.51700000000002,174.613,0.0132,0.0132
13.11.2023 06:37:44.297 GMT-0800,175.23700000000002,174.613,0.0009,0.009
13.11.2023 06:37:46.396 GMT-0800,175.23700000000002,174.273,0.0132,0.0132
13.11.2023 06:37:46.630 GMT-0800,175.23700000000002,174.283,0.0132,0.0009
13.11.2023 06:37:48.821 GMT-0800,175.097,174.283,0.0132,0.0132
13.11.2023 06:37:55.380 GMT-0800,175.047,174.283,0.0132,0.0132
13.11.2023 06:38:01.998 GMT-0800,175.047,174.293,0.0132,0.0009
13.11.2023 06:38:02.550 GMT-0800,175.097,174.293,0.0132,0.0132
13.11.2023 06:38:15.312 GMT-0800,175.097,174.283,0.0132,0.0132
13.11.2023 06:38:16.278 GMT-0800,175.097,174.313,0.0132,0.0009
13.11.2023 06:38:24.216 GMT-0800,175.097,174.843,0.009,0.0009
13.11.2023 06:38:24.266 GMT-0800,175.097,174.313,0.009,0.012
13.11.2023 06:38:24.317 GMT-0800,176.107,175.183,0.0132,0.0132
13.11.2023 06:38:24.394 GMT-0800,176.107,175.19299999999998,0.0132,0.0009
13.11.2023 06:38:26.139 GMT-0800,176.107,175.203,0.0132,0.0009
13.11.2023 06:38:45.902 GMT-0800,175.977,174.573,0.0132,0.0132
13.11.2023 06:38:46.174 GMT-0800,175.977,174.853,0.0132,0.0009
13.11.2023 06:38:46.225 GMT-0800,175.98700000000002,174.853,0.0132,0.0132
13.11.2023 06:38:50.157 GMT-0800,175.77700000000002,174.853,0.0009,0.0132
13.11.2023 06:38:55.692 GMT-0800,175.76700000000002,174.853,0.0009,0.0132
13.11.2023 06:39:02.064 GMT-0800,175.76700000000002,174.593,0.0132,0.0132
13.11.2023 06:39:05.943 GMT-0800,175.76700000000002,174.883,0.0132,0.0009
13.11.2023 06:39:06.217 GMT-0800,175.787,174.883,0.0132,0.0132
13.11.2023 06:39:18.517 GMT-0800,175.76700000000002,174.883,0.0009,0.0132
13.11.2023 06:39:21.080 GMT-0800,175.76700000000002,174.303,0.0132,0.0132
13.11.2023 06:39:22.000 GMT-0800,175.76700000000002,174.91299999999998,0.0132,0.0009
13.11.2023 06:39:38.280 GMT-0800,175.817,174.91299999999998,0.0132,0.0132
13.11.2023 06:39:40.161 GMT-0800,175.817,174.933,0.0132,0.0009
13.11.2023 06:39:56.999 GMT-0800,175.817,174.97299999999998,0.0132,0.0009
13.11.2023 06:40:06.948 GMT-0800,175.967,174.97299999999998,0.0132,0.0132
13.11.2023 06:40:07.963 GMT-0800,175.967,174.993,0.0132,0.0009
13.11.2023 06:40:13.149 GMT-0800,175.967,175.013,0.0132,0.0009
13.11.2023 06:40:31.259 GMT-0800,175.967,174.993,0.0132,0.0132
13.11.2023 06:40:31.801 GMT-0800,175.967,175.083,0.0132,0.0009
13.11.2023 06:40:51.315 GMT-0800,175.967,174.933,0.0132,0.0132
13.11.2023 06:40:52.015 GMT-0800,175.967,175.153,0.0132,0.0009
13.11.2023 06:41:09.620 GMT-0800,175.967,174.933,0.0132,0.0132
13.11.2023 06:41:11.228 GMT-0800,175.967,175.173,0.0132,0.0009
13.11.2023 06:41:15.904 GMT-0800,175.967,175.183,0.0132,0.0009
13.11.2023 06:41:28.102 GMT-0800,175.967,174.933,0.0132,0.0132
13.11.2023 06:41:29.532 GMT-0800,175.98700000000002,174.933,0.0132,0.0132
13.11.2023 06:41:29.961 GMT-0800,175.877,174.933,0.0009,0.0132
13.11.2023 06:41:30.186 GMT-0800,175.797,174.933,0.0009,0.0132
13.11.2023 06:41:32.584 GMT-0800,175.877,174.933,0.0132,0.0132
13.11.2023 06:41:34.450 GMT-0800,175.887,174.933,0.0132,0.0132
13.11.2023 06:41:34.612 GMT-0800,175.877,174.933,0.0009,0.0132
13.11.2023 06:41:37.614 GMT-0800,175.877,175.143,0.009,0.0009
13.11.2023 06:41:37.665 GMT-0800,175.98700000000002,175.143,0.0132,0.0132
13.11.2023 06:41:38.606 GMT-0800,176.11700000000002,175.143,0.0132,0.0132
13.11.2023 06:41:43.782 GMT-0800,176.067,175.143,0.0009,0.0132
13.11.2023 06:41:44.792 GMT-0800,175.687,175.143,0.0009,0.0132
13.11.2023 06:42:15.691 GMT-0800,175.687,175.383,0.009,0.0009
13.11.2023 06:42:15.742 GMT-0800,175.687,175.313,0.009,0.0009
13.11.2023 06:42:15.793 GMT-0800,176.047,175.313,0.0132,0.0132
13.11.2023 06:42:15.884 GMT-0800,175.787,175.313,0.0009,0.0132
13.11.2023 06:42:21.651 GMT-0800,175.70700000000002,175.313,0.0009,0.0132
13.11.2023 06:42:30.403 GMT-0800,175.537,175.313,0.0009,0.009
13.11.2023 06:42:30.454 GMT-0800,175.547,175.313,0.0009,0.009
13.11.2023 06:42:30.505 GMT-0800,175.547,175.143,0.0132,0.0132
13.11.2023 06:42:31.438 GMT-0800,175.547,174.933,0.0132,0.0132
13.11.2023 06:42:31.765 GMT-0800,175.547,174.953,0.0132,0.0009
13.11.2023 06:42:35.247 GMT-0800,175.70700000000002,174.953,0.0132,0.0132
13.11.2023 06:42:39.665 GMT-0800,175.70700000000002,175.113,0.0132,0.0009
13.11.2023 06:42:39.716 GMT-0800,175.70700000000002,174.953,0.0132,0.0132
13.11.2023 06:42:40.075 GMT-0800,175.70700000000002,175.303,0.009,0.0009
13.11.2023 06:42:40.126 GMT-0800,175.70700000000002,174.953,0.009,0.0132
13.11.2023 06:42:40.177 GMT-0800,176.11700000000002,174.953,0.0132,0.0132
13.11.2023 06:42:40.229 GMT-0800,176.11700000000002,175.323,0.0132,0.0132
13.11.2023 06:42:40.518 GMT-0800,176.287,175.323,0.0132,0.0132
13.11.2023 06:42:46.606 GMT-0800,176.42700000000002,175.323,0.0132,0.0132
13.11.2023 06:42:48.032 GMT-0800,175.917,175.323,0.0009,0.0132
13.11.2023 06:42:49.193 GMT-0800,175.917,175.103,0.0132,0.0132
13.11.2023 06:42:57.461 GMT-0800,175.917,175.023,0.0132,0.0132
13.11.2023 06:43:01.894 GMT-0800,175.917,175.363,0.0132,0.0009
13.11.2023 06:43:53.382 GMT-0800,175.917,175.113,0.0132,0.0132
13.11.2023 06:43:55.738 GMT-0800,175.917,175.363,0.0132,0.0009
13.11.2023 06:44:06.280 GMT-0800,175.917,175.373,0.0132,0.0009
13.11.2023 06:44:12.708 GMT-0800,175.917,175.383,0.0132,0.0009
13.11.2023 06:44:28.642 GMT-0800,175.917,175.403,0.0132,0.0009
13.11.2023 06:44:35.317 GMT-0800,175.917,175.383,0.0132,0.0132
13.11.2023 06:44:37.072 GMT-0800,175.917,175.353,0.0132,0.0132
13.11.2023 06:44:39.222 GMT-0800,175.917,175.403,0.0132,0.0009
13.11.2023 06:44:39.272 GMT-0800,175.917,175.393,0.009,0.0009
13.11.2023 06:44:39.480 GMT-0800,175.917,175.41299999999998,0.009,0.0009
13.11.2023 06:44:39.530 GMT-0800,176.497,175.41299999999998,0.0132,0.0132
13.11.2023 06:44:40.816 GMT-0800,176.45700000000002,175.41299999999998,0.0009,0.009
13.11.2023 06:44:40.867 GMT-0800,176.45700000000002,175.393,0.0132,0.0132
13.11.2023 06:44:41.031 GMT-0800,176.45700000000002,175.713,0.0132,0.0009
13.11.2023 06:44:55.159 GMT-0800,175.997,175.713,0.0009,0.009
13.11.2023 06:44:55.210 GMT-0800,175.997,175.103,0.0132,0.0132
13.11.2023 06:44:55.314 GMT-0800,175.997,175.293,0.0132,0.0009
13.11.2023 06:44:55.846 GMT-0800,175.687,175.293,0.0009,0.0132
13.11.2023 06:44:57.755 GMT-0800,175.687,175.463,0.009,0.0009
13.11.2023 06:44:57.806 GMT-0800,176.157,175.293,0.0132,0.0132
13.11.2023 06:44:57.982 GMT-0800,176.227,175.293,0.0132,0.0132
13.11.2023 06:44:58.033 GMT-0800,176.157,175.293,0.0132,0.0132
13.11.2023 06:44:58.084 GMT-0800,176.227,175.293,0.0132,0.0132
13.11.2023 06:44:58.485 GMT-0800,176.157,175.293,0.0009,0.0132
13.11.2023 06:45:00.111 GMT-0800,176.227,175.293,0.0132,0.0132
13.11.2023 06:45:00.426 GMT-0800,176.39700000000002,175.293,0.0132,0.0132
13.11.2023 06:45:00.601 GMT-0800,176.467,175.293,0.0132,0.0132
13.11.2023 06:45:01.097 GMT-0800,176.33700000000002,175.293,0.0009,0.0132
13.11.2023 06:45:03.254 GMT-0800,176.467,175.293,0.0132,0.0132
13.11.2023 06:45:05.328 GMT-0800,176.08700000000002,175.293,0.0009,0.0132
13.11.2023 06:45:12.001 GMT-0800,176.08700000000002,175.303,0.0132,0.0009
13.11.2023 06:45:20.565 GMT-0800,176.08700000000002,175.293,0.0132,0.0132
13.11.2023 06:45:22.006 GMT-0800,176.08700000000002,175.303,0.0132,0.0009
13.11.2023 06:46:01.731 GMT-0800,176.01700000000002,175.303,0.0009,0.0132
13.11.2023 06:46:08.818 GMT-0800,176.08700000000002,175.303,0.0132,0.0132
13.11.2023 06:46:18.940 GMT-0800,176.08700000000002,175.613,0.0132,0.0009
13.11.2023 06:46:19.848 GMT-0800,175.977,175.613,0.0009,0.0132
13.11.2023 06:46:19.899 GMT-0800,176.33700000000002,175.773,0.0132,0.0132
13.11.2023 06:46:20.158 GMT-0800,176.33700000000002,175.333,0.0132,0.0132
13.11.2023 06:46:20.901 GMT-0800,176.33700000000002,175.323,0.0132,0.0132
13.11.2023 06:46:21.573 GMT-0800,176.33700000000002,175.743,0.0132,0.0009
13.11.2023 06:46:22.206 GMT-0800,176.447,175.743,0.0132,0.0132
13.11.2023 06:46:22.527 GMT-0800,176.08700000000002,175.743,0.0009,0.009
13.11.2023 06:46:22.578 GMT-0800,176.447,175.743,0.0132,0.009
13.11.2023 06:46:22.629 GMT-0800,176.447,175.293,0.0132,0.0132
13.11.2023 06:46:23.210 GMT-0800,176.447,175.303,0.0132,0.0009
13.11.2023 06:46:23.463 GMT-0800,176.157,175.303,0.0009,0.0132
13.11.2023 06:46:23.758 GMT-0800,176.227,175.303,0.0132,0.0132
13.11.2023 06:46:24.056 GMT-0800,176.157,175.303,0.0009,0.0132
13.11.2023 06:46:36.433 GMT-0800,176.157,175.023,0.0132,0.0132
13.11.2023 06:46:54.067 GMT-0800,176.157,175.073,0.009,0.0009
13.11.2023 06:46:54.117 GMT-0800,176.167,175.073,0.0132,0.0132
13.11.2023 06:47:00.143 GMT-0800,176.167,175.063,0.0132,0.0132
13.11.2023 06:47:10.683 GMT-0800,176.167,175.073,0.0132,0.009
13.11.2023 06:47:12.257 GMT-0800,176.08700000000002,175.073,0.0009,0.0132
13.11.2023 06:47:26.028 GMT-0800,176.097,175.073,0.0132,0.0132
13.11.2023 06:47:26.101 GMT-0800,175.547,175.073,0.0009,0.009
13.11.2023 06:47:26.152 GMT-0800,175.857,174.813,0.0132,0.0132
13.11.2023 06:47:26.281 GMT-0800,175.857,174.983,0.0132,0.0009
13.11.2023 06:47:27.115 GMT-0800,175.747,174.983,0.0009,0.0132
13.11.2023 06:47:28.537 GMT-0800,175.507,174.983,0.0009,0.0132
13.11.2023 06:47:29.996 GMT-0800,175.507,174.813,0.0132,0.0132
13.11.2023 06:47:31.460 GMT-0800,175.757,174.813,0.0132,0.0132
13.11.2023 06:47:33.031 GMT-0800,175.757,175.073,0.0132,0.0009
13.11.2023 06:47:40.687 GMT-0800,175.73700000000002,174.813,0.0132,0.0132
13.11.2023 06:47:40.963 GMT-0800,175.757,174.813,0.0132,0.0132
13.11.2023 06:47:42.891 GMT-0800,175.73700000000002,174.813,0.0009,0.0132
13.11.2023 06:47:42.942 GMT-0800,175.757,174.813,0.0132,0.0132
13.11.2023 06:47:50.869 GMT-0800,175.73700000000002,174.813,0.0009,0.0132
13.11.2023 06:47:51.047 GMT-0800,175.757,174.813,0.0132,0.0132
13.11.2023 06:47:54.532 GMT-0800,175.757,175.073,0.0132,0.0009
13.11.2023 06:48:00.130 GMT-0800,175.697,175.073,0.0009,0.0132
13.11.2023 06:48:11.948 GMT-0800,175.697,174.813,0.0132,0.0132
13.11.2023 06:48:41.408 GMT-0800,175.437,174.813,0.0009,0.0132
13.11.2023 06:48:44.405 GMT-0800,175.437,175.093,0.009,0.0009
13.11.2023 06:48:44.456 GMT-0800,175.697,175.073,0.0132,0.0132
13.11.2023 06:48:44.694 GMT-0800,175.67700000000002,175.343,0.0009,0.0009
13.11.2023 06:48:45.030 GMT-0800,175.67700000000002,175.253,0.0132,0.0132
13.11.2023 06:48:46.568 GMT-0800,175.67700000000002,175.263,0.0132,0.0009
13.11.2023 06:48:46.619 GMT-0800,175.67700000000002,175.253,0.0132,0.0132
13.11.2023 06:48:47.336 GMT-0800,175.607,175.253,0.0009,0.0132
13.11.2023 06:49:00.839 GMT-0800,175.607,174.963,0.0132,0.0132
13.11.2023 06:49:01.039 GMT-0800,175.607,175.273,0.0132,0.0009
13.11.2023 06:49:07.023 GMT-0800,175.607,175.41299999999998,0.009,0.0009
13.11.2023 06:49:07.074 GMT-0800,175.67700000000002,175.41299999999998,0.0132,0.0132
13.11.2023 06:49:07.125 GMT-0800,175.67700000000002,175.273,0.0132,0.0132
13.11.2023 06:49:11.452 GMT-0800,175.67700000000002,175.44299999999998,0.009,0.0009
13.11.2023 06:49:11.503 GMT-0800,175.857,175.273,0.0132,0.0132
13.11.2023 06:49:16.680 GMT-0800,175.857,175.123,0.0132,0.0132
13.11.2023 06:49:16.741 GMT-0800,175.857,175.383,0.0132,0.0009
13.11.2023 06:49:19.437 GMT-0800,175.857,175.593,0.009,0.0009
13.11.2023 06:49:19.488 GMT-0800,175.977,175.393,0.0132,0.0132
13.11.2023 06:49:22.010 GMT-0800,175.977,175.613,0.0132,0.0009
13.11.2023 06:49:27.743 GMT-0800,175.797,175.613,0.0009,0.009
13.11.2023 06:49:27.806 GMT-0800,175.797,175.19299999999998,0.0132,0.0132
13.11.2023 06:49:27.866 GMT-0800,175.797,175.383,0.0132,0.0009
13.11.2023 06:49:40.780 GMT-0800,175.797,175.563,0.009,0.0009
13.11.2023 06:49:40.831 GMT-0800,175.977,175.383,0.0132,0.0132
13.11.2023 06:49:45.040 GMT-0800,176.137,175.273,0.0132,0.0132
13.11.2023 06:49:45.274 GMT-0800,176.137,175.483,0.0132,0.0009
13.11.2023 06:49:51.377 GMT-0800,176.137,175.273,0.0132,0.0132
13.11.2023 06:49:51.778 GMT-0800,176.137,175.483,0.0132,0.0009
13.11.2023 06:50:01.443 GMT-0800,176.137,175.493,0.0132,0.0009
13.11.2023 06:50:04.474 GMT-0800,176.537,175.493,0.0132,0.0132
13.11.2023 06:50:07.589 GMT-0800,176.48700000000002,175.793,0.0009,0.0009
13.11.2023 06:50:07.640 GMT-0800,176.48700000000002,175.483,0.0132,0.0132
13.11.2023 06:50:09.211 GMT-0800,176.48700000000002,175.643,0.0132,0.0009
13.11.2023 06:50:10.720 GMT-0800,176.537,175.643,0.0132,0.0132
13.11.2023 06:50:21.507 GMT-0800,176.477,175.643,0.0009,0.0132
13.11.2023 06:50:30.587 GMT-0800,176.477,175.653,0.009,0.0009
13.11.2023 06:50:30.642 GMT-0800,176.537,175.653,0.0132,0.0132
13.11.2023 06:50:37.283 GMT-0800,176.567,175.653,0.0132,0.0132
13.11.2023 06:50:38.683 GMT-0800,176.567,175.66299999999998,0.0132,0.0009
13.11.2023 06:50:39.785 GMT-0800,176.627,175.66299999999998,0.0132,0.0132
13.11.2023 06:50:40.695 GMT-0800,176.657,175.66299999999998,0.0132,0.0132
13.11.2023 06:50:40.946 GMT-0800,176.657,175.793,0.0132,0.0009
13.11.2023 06:50:43.647 GMT-0800,176.86700000000002,175.793,0.0132,0.0132
13.11.2023 06:50:47.441 GMT-0800,176.657,175.793,0.0009,0.0132
13.11.2023 06:50:47.542 GMT-0800,176.657,175.66299999999998,0.0132,0.0132
13.11.2023 06:50:48.684 GMT-0800,176.657,175.923,0.0132,0.0009
13.11.2023 06:50:49.789 GMT-0800,176.657,175.933,0.0132,0.0009
13.11.2023 06:50:50.566 GMT-0800,176.727,175.933,0.0132,0.0132
13.11.2023 06:50:54.651 GMT-0800,176.727,175.97299999999998,0.0132,0.0009
13.11.2023 06:51:07.000 GMT-0800,176.727,175.983,0.0132,0.0009
13.11.2023 06:51:16.586 GMT-0800,176.67700000000002,175.983,0.0009,0.0132
13.11.2023 06:51:22.776 GMT-0800,176.67700000000002,176.023,0.0132,0.0009
13.11.2023 06:51:35.529 GMT-0800,176.687,176.023,0.0132,0.0132
13.11.2023 06:51:36.679 GMT-0800,176.67700000000002,176.023,0.0009,0.0132
13.11.2023 06:51:40.784 GMT-0800,176.687,176.023,0.0132,0.0132
13.11.2023 06:51:41.867 GMT-0800,176.637,176.023,0.0009,0.0132
13.11.2023 06:51:44.322 GMT-0800,176.36700000000002,176.023,0.0009,0.009
13.11.2023 06:51:44.372 GMT-0800,176.36700000000002,175.773,0.0132,0.0132
13.11.2023 06:51:47.688 GMT-0800,176.36700000000002,175.853,0.0132,0.0009
13.11.2023 06:52:07.012 GMT-0800,176.36700000000002,175.863,0.0132,0.0009
13.11.2023 06:52:45.248 GMT-0800,176.357,175.863,0.0009,0.009
13.11.2023 06:52:45.299 GMT-0800,176.36700000000002,175.863,0.0132,0.009
13.11.2023 06:52:45.410 GMT-0800,176.36700000000002,175.773,0.0132,0.0132
13.11.2023 06:52:46.005 GMT-0800,176.357,175.773,0.0009,0.009
13.11.2023 06:52:46.056 GMT-0800,176.357,175.253,0.0132,0.0132
13.11.2023 06:52:46.474 GMT-0800,176.357,175.653,0.0132,0.0009
13.11.2023 06:52:48.412 GMT-0800,176.26700000000002,175.653,0.0009,0.0132
13.11.2023 06:52:49.548 GMT-0800,175.98700000000002,175.653,0.0009,0.009
13.11.2023 06:52:49.598 GMT-0800,176.257,175.653,0.0009,0.009
13.11.2023 06:52:49.649 GMT-0800,176.257,175.19299999999998,0.0132,0.0132
13.11.2023 06:52:51.565 GMT-0800,176.227,175.19299999999998,0.0009,0.0132
13.11.2023 06:53:08.216 GMT-0800,176.23700000000002,175.19299999999998,0.0132,0.0132
13.11.2023 06:53:08.367 GMT-0800,176.227,175.19299999999998,0.0009,0.0132
13.11.2023 06:53:08.418 GMT-0800,176.23700000000002,175.19299999999998,0.0132,0.0132
13.11.2023 06:53:16.739 GMT-0800,176.23700000000002,175.583,0.0132,0.0009
13.11.2023 06:53:21.183 GMT-0800,175.937,175.583,0.0009,0.009
13.11.2023 06:53:21.234 GMT-0800,175.937,175.19299999999998,0.0132,0.0132
13.11.2023 06:53:26.946 GMT-0800,175.997,175.19299999999998,0.0132,0.0132
13.11.2023 06:53:27.904 GMT-0800,175.967,175.19299999999998,0.0009,0.0132
13.11.2023 06:53:28.319 GMT-0800,175.797,175.19299999999998,0.0009,0.0132
13.11.2023 06:53:32.499 GMT-0800,175.967,175.19299999999998,0.0132,0.0132
13.11.2023 06:53:34.367 GMT-0800,175.907,175.19299999999998,0.0009,0.0132
13.11.2023 06:53:36.030 GMT-0800,175.967,175.19299999999998,0.0132,0.0132
13.11.2023 06:53:36.557 GMT-0800,175.967,175.213,0.009,0.0009
13.11.2023 06:53:36.608 GMT-0800,175.997,175.213,0.0132,0.0132
13.11.2023 06:53:37.419 GMT-0800,175.997,175.19299999999998,0.0132,0.0132
13.11.2023 06:53:37.559 GMT-0800,175.997,175.22299999999998,0.0132,0.0009
13.11.2023 06:53:50.384 GMT-0800,175.76700000000002,175.22299999999998,0.0009,0.0132
13.11.2023 06:53:50.435 GMT-0800,175.997,175.22299999999998,0.0132,0.0132
13.11.2023 06:53:52.658 GMT-0800,175.997,175.19299999999998,0.0132,0.0132
13.11.2023 06:53:54.585 GMT-0800,175.997,175.233,0.0132,0.0009
13.11.2023 06:54:40.533 GMT-0800,175.997,175.243,0.0132,0.0009
13.11.2023 06:55:01.411 GMT-0800,175.997,175.19299999999998,0.0132,0.0132
13.11.2023 06:55:01.583 GMT-0800,175.997,175.243,0.0132,0.0009
13.11.2023 06:55:02.811 GMT-0800,175.847,175.243,0.0009,0.009
13.11.2023 06:55:02.912 GMT-0800,175.847,174.953,0.0132,0.0132
13.11.2023 06:55:03.382 GMT-0800,175.847,174.883,0.0132,0.0132
13.11.2023 06:55:03.797 GMT-0800,175.73700000000002,174.933,0.0132,0.0132
13.11.2023 06:55:04.041 GMT-0800,175.687,174.933,0.0009,0.0132
13.11.2023 06:55:04.811 GMT-0800,175.697,174.933,0.0132,0.0132
13.11.2023 06:55:10.096 GMT-0800,175.687,174.933,0.0009,0.0132
13.11.2023 06:55:11.174 GMT-0800,175.697,174.933,0.0132,0.0132
13.11.2023 06:55:11.288 GMT-0800,175.507,174.933,0.0009,0.0132
13.11.2023 06:55:18.790 GMT-0800,175.507,174.963,0.0132,0.0009
13.11.2023 06:55:18.893 GMT-0800,175.507,174.983,0.0132,0.0009
13.11.2023 06:55:31.594 GMT-0800,175.507,174.993,0.0132,0.0009
13.11.2023 06:55:35.768 GMT-0800,175.507,175.003,0.0132,0.0009
13.11.2023 06:55:42.548 GMT-0800,175.507,175.013,0.0132,0.0009
13.11.2023 06:55:42.843 GMT-0800,175.507,175.003,0.0132,0.0132
13.11.2023 06:55:43.199 GMT-0800,175.507,175.39000000000001,0.009,0.0009
13.11.2023 06:55:43.250 GMT-0800,175.627,174.823,0.0132,0.0132
13.11.2023 06:55:43.935 GMT-0800,175.627,175.253,0.0132,0.0009
13.11.2023 06:55:43.986 GMT-0800,175.847,175.253,0.0132,0.0132
13.11.2023 06:56:17.024 GMT-0800,175.847,175.293,0.0132,0.0009
13.11.2023 06:56:18.652 GMT-0800,175.847,175.303,0.0132,0.0009
13.11.2023 06:56:39.175 GMT-0800,175.847,175.313,0.0132,0.0009
13.11.2023 06:57:03.587 GMT-0800,175.717,175.313,0.0009,0.0132
13.11.2023 06:57:22.447 GMT-0800,175.717,175.353,0.0132,0.0009
13.11.2023 06:57:35.726 GMT-0800,175.847,175.353,0.0132,0.0132
13.11.2023 06:57:45.244 GMT-0800,175.847,175.363,0.0132,0.0009
13.11.2023 06:58:01.999 GMT-0800,175.847,175.393,0.0132,0.0009
13.11.2023 06:58:06.084 GMT-0800,176.02700000000002,175.393,0.0132,0.0132
13.11.2023 06:58:06.180 GMT-0800,176.01700000000002,175.393,0.0009,0.0132
13.11.2023 06:58:06.231 GMT-0800,176.067,175.393,0.0132,0.0132
13.11.2023 06:58:06.282 GMT-0800,176.23700000000002,175.393,0.0132,0.0132
13.11.2023 06:58:06.332 GMT-0800,176.23700000000002,175.41299999999998,0.0132,0.0132
13.11.2023 06:58:06.634 GMT-0800,176.097,175.41299999999998,0.0009,0.0132
13.11.2023 06:58:06.997 GMT-0800,176.14700000000002,175.41299999999998,0.0132,0.0132
13.11.2023 06:58:07.118 GMT-0800,176.23700000000002,175.41299999999998,0.0132,0.0132
13.11.2023 06:58:10.480 GMT-0800,176.23700000000002,175.393,0.0132,0.0132
13.11.2023 06:58:17.100 GMT-0800,176.23700000000002,175.363,0.0132,0.0132
13.11.2023 06:58:17.235 GMT-0800,176.23700000000002,175.463,0.0132,0.0009
13.11.2023 06:58:21.819 GMT-0800,176.097,175.463,0.0009,0.0132
13.11.2023 06:58:22.470 GMT-0800,176.14700000000002,175.463,0.0132,0.0132
13.11.2023 06:58:39.703 GMT-0800,176.107,175.463,0.0009,0.0132
13.11.2023 06:58:41.223 GMT-0800,176.097,175.463,0.0009,0.0132
13.11.2023 06:58:41.370 GMT-0800,176.097,175.47299999999998,0.0132,0.0009
13.11.2023 06:58:42.472 GMT-0800,176.107,175.47299999999998,0.0132,0.0132
13.11.2023 06:58:45.889 GMT-0800,176.107,175.493,0.0132,0.0009
13.11.2023 06:58:47.699 GMT-0800,176.107,175.47299999999998,0.0132,0.0132
13.11.2023 06:58:57.070 GMT-0800,176.107,175.463,0.0132,0.0132
13.11.2023 06:58:57.164 GMT-0800,176.107,175.503,0.0132,0.0009
13.11.2023 06:59:01.384 GMT-0800,176.097,175.503,0.0009,0.0132
13.11.2023 06:59:01.725 GMT-0800,176.107,175.503,0.0132,0.0132
13.11.2023 06:59:12.153 GMT-0800,175.847,175.503,0.0009,0.009
13.11.2023 06:59:12.254 GMT-0800,175.847,175.22299999999998,0.0132,0.0132
13.11.2023 06:59:14.770 GMT-0800,175.847,175.243,0.0132,0.0009
13.11.2023 06:59:15.031 GMT-0800,175.847,175.253,0.0132,0.0009
13.11.2023 06:59:15.278 GMT-0800,175.847,175.263,0.0132,0.0009
13.11.2023 06:59:16.618 GMT-0800,175.847,175.293,0.0132,0.0009
13.11.2023 06:59:17.163 GMT-0800,175.847,175.263,0.0132,0.0132
13.11.2023 06:59:18.100 GMT-0800,175.847,175.22299999999998,0.0132,0.0132
13.11.2023 06:59:25.167 GMT-0800,175.847,175.173,0.0132,0.0132
13.11.2023 06:59:41.495 GMT-0800,175.847,175.323,0.0132,0.0009
13.11.2023 06:59:52.941 GMT-0800,175.847,175.173,0.0132,0.0132
13.11.2023 07:00:02.626 GMT-0800,175.847,175.333,0.0132,0.0009
13.11.2023 07:00:05.867 GMT-0800,175.847,175.353,0.0132,0.0009
13.11.2023 07:00:06.165 GMT-0800,175.847,175.363,0.0132,0.0009
13.11.2023 07:00:12.334 GMT-0800,175.847,175.373,0.0132,0.0132
13.11.2023 07:00:23.562 GMT-0800,175.76700000000002,175.373,0.0009,0.0132
13.11.2023 07:00:29.642 GMT-0800,175.76700000000002,175.383,0.0132,0.0009
13.11.2023 07:00:30.353 GMT-0800,175.847,175.383,0.0132,0.0132
13.11.2023 07:00:46.383 GMT-0800,175.847,175.393,0.0132,0.0009
13.11.2023 07:00:47.795 GMT-0800,175.847,175.403,0.0132,0.0009
13.11.2023 07:00:48.743 GMT-0800,175.847,175.41299999999998,0.0132,0.0009
13.11.2023 07:00:49.096 GMT-0800,175.847,175.423,0.0132,0.0009
13.11.2023 07:00:52.545 GMT-0800,175.847,175.433,0.0132,0.0009
13.11.2023 07:00:56.968 GMT-0800,175.847,175.44299999999998,0.0132,0.0009
13.11.2023 07:00:57.224 GMT-0800,175.847,175.453,0.0132,0.0132
13.11.2023 07:00:58.010 GMT-0800,175.847,175.463,0.0132,0.0009
13.11.2023 07:01:12.915 GMT-0800,175.717,175.44299999999998,0.0132,0.0132
13.11.2023 07:01:12.966 GMT-0800,175.847,175.44299999999998,0.0132,0.0132
13.11.2023 07:01:13.497 GMT-0800,175.847,175.47299999999998,0.0132,0.0009
13.11.2023 07:01:19.470 GMT-0800,175.577,175.47299999999998,0.0009,0.009
13.11.2023 07:01:19.521 GMT-0800,175.847,175.383,0.0132,0.0132
13.11.2023 07:01:30.073 GMT-0800,175.847,175.403,0.0132,0.0009
13.11.2023 07:01:32.066 GMT-0800,175.847,175.383,0.0132,0.0132
13.11.2023 07:01:32.614 GMT-0800,175.847,175.373,0.0132,0.0132
13.11.2023 07:01:33.308 GMT-0800,175.847,175.41299999999998,0.0132,0.0009
13.11.2023 07:01:46.528 GMT-0800,175.847,175.423,0.0132,0.0009
13.11.2023 07:01:49.231 GMT-0800,175.847,175.41299999999998,0.0132,0.0132
13.11.2023 07:01:53.722 GMT-0800,175.847,175.423,0.0132,0.0009
13.11.2023 07:02:01.499 GMT-0800,175.847,175.41299999999998,0.0132,0.0132
13.11.2023 07:02:09.645 GMT-0800,175.847,175.383,0.0132,0.0132
13.11.2023 07:02:12.221 GMT-0800,175.827,175.383,0.0009,0.009
13.11.2023 07:02:12.274 GMT-0800,175.827,175.153,0.0132,0.0132
13.11.2023 07:02:12.426 GMT-0800,175.827,175.22299999999998,0.0132,0.0009
13.11.2023 07:02:21.429 GMT-0800,175.827,175.253,0.0132,0.0009
13.11.2023 07:02:21.706 GMT-0800,175.827,175.263,0.0132,0.0009
13.11.2023 07:02:22.125 GMT-0800,175.827,175.22299999999998,0.0132,0.0132
13.11.2023 07:02:27.978 GMT-0800,175.827,175.003,0.0132,0.0132
13.11.2023 07:02:28.750 GMT-0800,175.827,175.253,0.0132,0.0009
13.11.2023 07:02:44.036 GMT-0800,175.697,175.253,0.0009,0.009
13.11.2023 07:02:44.086 GMT-0800,175.697,175.153,0.0132,0.0132
13.11.2023 07:02:44.719 GMT-0800,175.657,175.153,0.0009,0.0132
13.11.2023 07:02:45.750 GMT-0800,175.657,175.073,0.0132,0.0132
13.11.2023 07:02:49.966 GMT-0800,175.61700000000002,175.073,0.0009,0.0132
13.11.2023 07:02:50.145 GMT-0800,175.537,175.073,0.0009,0.0132
13.11.2023 07:02:50.702 GMT-0800,175.537,175.093,0.0132,0.0009
13.11.2023 07:02:55.704 GMT-0800,175.537,175.133,0.0132,0.0009
13.11.2023 07:02:56.098 GMT-0800,175.537,175.19299999999998,0.0132,0.0009
13.11.2023 07:03:00.696 GMT-0800,175.537,175.213,0.0132,0.0009
13.11.2023 07:03:05.770 GMT-0800,175.537,175.203,0.0132,0.0132
13.11.2023 07:03:15.727 GMT-0800,175.537,175.213,0.0132,0.0009
13.11.2023 07:03:16.408 GMT-0800,175.537,175.343,0.009,0.0009
13.11.2023 07:03:16.459 GMT-0800,175.697,175.22299999999998,0.0132,0.0132
13.11.2023 07:03:19.488 GMT-0800,175.697,175.213,0.0132,0.0132
13.11.2023 07:03:30.709 GMT-0800,175.697,175.22299999999998,0.0132,0.0009
13.11.2023 07:03:34.932 GMT-0800,175.697,175.303,0.0132,0.0009
13.11.2023 07:03:49.089 GMT-0800,175.697,175.313,0.0132,0.0009
13.11.2023 07:03:55.751 GMT-0800,175.697,175.333,0.0132,0.0009
13.11.2023 07:03:56.660 GMT-0800,175.697,175.343,0.009,0.0009
13.11.2023 07:03:56.710 GMT-0800,175.757,175.343,0.0132,0.0132
13.11.2023 07:03:56.761 GMT-0800,175.847,175.333,0.0132,0.0132
13.11.2023 07:03:57.352 GMT-0800,175.847,175.343,0.0132,0.0009
13.11.2023 07:04:00.344 GMT-0800,175.847,175.363,0.0132,0.0009
13.11.2023 07:04:10.696 GMT-0800,175.847,175.373,0.0132,0.0009
13.11.2023 07:04:14.293 GMT-0800,175.847,175.383,0.0132,0.0009
13.11.2023 07:04:21.475 GMT-0800,175.847,175.403,0.0132,0.0009
13.11.2023 07:04:21.759 GMT-0800,175.847,175.383,0.0132,0.0132
13.11.2023 07:04:32.000 GMT-0800,175.847,175.393,0.0132,0.0009
13.11.2023 07:04:37.614 GMT-0800,175.747,175.363,0.0132,0.0132
13.11.2023 07:04:42.464 GMT-0800,175.747,175.373,0.0132,0.0009
13.11.2023 07:04:44.906 GMT-0800,175.747,175.363,0.0132,0.0132
13.11.2023 07:04:46.634 GMT-0800,175.747,175.383,0.0132,0.0009
13.11.2023 07:04:53.556 GMT-0800,175.747,175.393,0.009,0.0009
13.11.2023 07:04:53.608 GMT-0800,175.847,175.393,0.0132,0.0132
13.11.2023 07:04:58.032 GMT-0800,175.847,175.403,0.0132,0.0009
13.11.2023 07:04:58.133 GMT-0800,176.17700000000002,175.433,0.0132,0.0132
13.11.2023 07:04:58.200 GMT-0800,176.17700000000002,175.583,0.009,0.0009
13.11.2023 07:04:58.250 GMT-0800,176.23700000000002,175.583,0.0132,0.0132
13.11.2023 07:05:00.579 GMT-0800,176.23700000000002,175.593,0.0132,0.0009
13.11.2023 07:05:17.072 GMT-0800,175.77700000000002,175.593,0.0009,0.009
13.11.2023 07:05:17.123 GMT-0800,175.95700000000002,175.593,0.0009,0.009
13.11.2023 07:05:17.174 GMT-0800,175.95700000000002,175.383,0.0132,0.0132
13.11.2023 07:05:18.415 GMT-0800,175.967,175.383,0.0132,0.0132
13.11.2023 07:05:18.888 GMT-0800,175.95700000000002,175.383,0.0009,0.0132
13.11.2023 07:05:23.116 GMT-0800,175.95700000000002,175.393,0.0132,0.0009
13.11.2023 07:05:39.384 GMT-0800,175.95700000000002,175.403,0.0132,0.0009
13.11.2023 07:05:50.523 GMT-0800,175.797,175.403,0.0009,0.0132
13.11.2023 07:06:02.655 GMT-0800,176.077,175.47299999999998,0.0132,0.0132
13.11.2023 07:06:02.886 GMT-0800,176.077,175.483,0.0132,0.0009
13.11.2023 07:06:03.410 GMT-0800,176.077,175.543,0.0132,0.0009
13.11.2023 07:06:11.631 GMT-0800,176.077,175.47299999999998,0.0132,0.0132
13.11.2023 07:06:11.764 GMT-0800,176.077,175.483,0.0132,0.0009
13.11.2023 07:06:13.779 GMT-0800,175.80700000000002,175.403,0.0009,0.0132
13.11.2023 07:07:26.553 GMT-0800,175.70700000000002,175.403,0.0009,0.009
13.11.2023 07:07:26.604 GMT-0800,175.70700000000002,175.363,0.0132,0.0132
13.11.2023 07:07:40.155 GMT-0800,175.80700000000002,175.533,0.0132,0.0132
13.11.2023 07:07:40.205 GMT-0800,175.80700000000002,175.433,0.0132,0.0132
13.11.2023 07:07:47.242 GMT-0800,175.80700000000002,175.683,0.009,0.0009
13.11.2023 07:07:47.293 GMT-0800,176.097,175.633,0.0132,0.0132
13.11.2023 07:07:48.131 GMT-0800,176.097,175.643,0.0132,0.0009
13.11.2023 07:07:55.664 GMT-0800,176.097,175.713,0.009,0.0009
13.11.2023 07:07:55.714 GMT-0800,176.23700000000002,175.713,0.0132,0.0132
13.11.2023 07:08:01.480 GMT-0800,176.047,175.713,0.0009,0.0132
13.11.2023 07:08:08.426 GMT-0800,175.907,175.713,0.0009,0.009
13.11.2023 07:08:08.477 GMT-0800,176.047,175.513,0.0132,0.0132
13.11.2023 07:08:19.071 GMT-0800,175.997,175.513,0.0009,0.0132
13.11.2023 07:08:54.886 GMT-0800,175.997,175.523,0.0132,0.0009
13.11.2023 07:08:55.190 GMT-0800,175.997,175.513,0.0132,0.0132
13.11.2023 07:09:07.016 GMT-0800,175.997,175.523,0.0132,0.0009
13.11.2023 07:10:12.051 GMT-0800,175.98700000000002,175.523,0.0009,0.0132
13.11.2023 07:10:21.280 GMT-0800,175.98700000000002,175.733,0.009,0.0009
13.11.2023 07:10:21.331 GMT-0800,176.157,175.743,0.0132,0.0132
13.11.2023 07:10:27.441 GMT-0800,176.26700000000002,175.743,0.0132,0.0132
13.11.2023 07:10:37.161 GMT-0800,176.26700000000002,175.823,0.0132,0.0009
13.11.2023 07:10:37.299 GMT-0800,176.197,175.823,0.0009,0.0009
13.11.2023 07:10:37.698 GMT-0800,176.26700000000002,175.823,0.0132,0.0132
13.11.2023 07:10:44.341 GMT-0800,176.097,175.823,0.0009,0.009
13.11.2023 07:10:44.814 GMT-0800,176.097,175.773,0.0132,0.0132
13.11.2023 07:10:45.508 GMT-0800,176.097,175.513,0.0132,0.0132
13.11.2023 07:10:45.697 GMT-0800,176.097,175.543,0.0132,0.0009
13.11.2023 07:11:26.049 GMT-0800,176.097,175.763,0.009,0.0009
13.11.2023 07:11:26.476 GMT-0800,176.097,175.72299999999998,0.0132,0.0132
13.11.2023 07:11:27.090 GMT-0800,176.097,175.733,0.0132,0.0009
13.11.2023 07:11:32.195 GMT-0800,176.187,175.72299999999998,0.0132,0.0132
13.11.2023 07:11:33.669 GMT-0800,176.187,175.733,0.0132,0.0009
13.11.2023 07:11:36.363 GMT-0800,176.187,175.803,0.0132,0.0009
13.11.2023 07:11:37.029 GMT-0800,176.107,175.803,0.0009,0.0132
13.11.2023 07:11:37.352 GMT-0800,176.187,175.803,0.0132,0.0132
13.11.2023 07:11:41.174 GMT-0800,176.107,175.803,0.0009,0.0132
13.11.2023 07:11:42.022 GMT-0800,176.107,175.823,0.0132,0.0009
13.11.2023 07:11:42.720 GMT-0800,176.107,175.933,0.009,0.0009
13.11.2023 07:11:42.771 GMT-0800,176.107,175.873,0.009,0.0009
13.11.2023 07:11:42.822 GMT-0800,176.297,175.873,0.0132,0.0132
13.11.2023 07:11:54.655 GMT-0800,176.11700000000002,175.873,0.0009,0.009
13.11.2023 07:11:54.706 GMT-0800,176.297,175.773,0.0132,0.0132
13.11.2023 07:12:15.004 GMT-0800,176.11700000000002,175.773,0.0009,0.0132
13.11.2023 07:12:18.633 GMT-0800,175.977,175.543,0.0132,0.0132
13.11.2023 07:12:18.684 GMT-0800,176.11700000000002,175.543,0.0132,0.0132
13.11.2023 07:12:19.734 GMT-0800,176.11700000000002,175.633,0.0132,0.0009
13.11.2023 07:12:23.978 GMT-0800,176.11700000000002,175.623,0.0132,0.0132
13.11.2023 07:12:40.817 GMT-0800,176.11700000000002,175.543,0.0132,0.0132
13.11.2023 07:12:40.996 GMT-0800,176.11700000000002,175.66299999999998,0.0132,0.0009
13.11.2023 07:12:45.124 GMT-0800,176.11700000000002,175.673,0.0132,0.0009
13.11.2023 07:13:15.101 GMT-0800,176.26700000000002,176.033,0.0132,0.0132
13.11.2023 07:13:16.870 GMT-0800,176.26700000000002,176.053,0.0132,0.0009
13.11.2023 07:13:18.281 GMT-0800,176.30700000000002,176.053,0.0132,0.0132
13.11.2023 07:13:31.816 GMT-0800,176.30700000000002,175.94299999999998,0.0132,0.0009
13.11.2023 07:14:11.021 GMT-0800,176.26700000000002,175.94299999999998,0.0009,0.009
13.11.2023 07:14:11.073 GMT-0800,176.26700000000002,175.66299999999998,0.0132,0.009
13.11.2023 07:14:11.124 GMT-0800,176.26700000000002,175.543,0.0132,0.0132
13.11.2023 07:14:11.175 GMT-0800,176.26700000000002,175.783,0.0132,0.0132
13.11.2023 07:14:26.884 GMT-0800,176.26700000000002,175.643,0.0132,0.0132
13.11.2023 07:14:27.016 GMT-0800,176.26700000000002,175.813,0.0132,0.0009
13.11.2023 07:14:35.517 GMT-0800,176.257,175.813,0.0009,0.0132
13.11.2023 07:14:36.699 GMT-0800,176.257,175.833,0.009,0.0009
13.11.2023 07:14:36.823 GMT-0800,176.26700000000002,175.833,0.0132,0.0132
13.11.2023 07:14:47.041 GMT-0800,176.26700000000002,175.903,0.0132,0.0009
13.11.2023 07:14:54.195 GMT-0800,176.26700000000002,176.053,0.009,0.0009
13.11.2023 07:14:54.246 GMT-0800,176.30700000000002,176.053,0.0132,0.0132
13.11.2023 07:14:56.750 GMT-0800,176.357,176.053,0.0132,0.0132
13.11.2023 07:14:57.958 GMT-0800,176.327,176.053,0.0009,0.0132
13.11.2023 07:15:12.071 GMT-0800,176.327,175.933,0.0132,0.0132
13.11.2023 07:15:14.862 GMT-0800,176.327,176.063,0.0132,0.0009
13.11.2023 07:15:18.265 GMT-0800,176.33700000000002,176.16299999999998,0.009,0.009
13.11.2023 07:15:18.316 GMT-0800,176.36700000000002,176.113,0.0132,0.0132
13.11.2023 07:15:18.460 GMT-0800,176.36700000000002,176.123,0.0132,0.0009
13.11.2023 07:15:18.821 GMT-0800,176.36700000000002,176.133,0.0132,0.0009
13.11.2023 07:15:21.401 GMT-0800,176.36700000000002,176.153,0.0132,0.0009
13.11.2023 07:15:24.004 GMT-0800,176.36700000000002,176.16299999999998,0.0132,0.0132
13.11.2023 07:15:24.554 GMT-0800,176.61700000000002,176.173,0.0132,0.0132
13.11.2023 07:15:24.976 GMT-0800,176.417,176.173,0.0009,0.009
13.11.2023 07:15:25.027 GMT-0800,176.417,175.833,0.0132,0.0132
13.11.2023 07:15:25.183 GMT-0800,176.417,176.173,0.0132,0.0009
13.11.2023 07:15:45.022 GMT-0800,176.327,176.173,0.0009,0.009
13.11.2023 07:15:45.073 GMT-0800,176.547,175.833,0.0132,0.0132
13.11.2023 07:15:45.124 GMT-0800,176.61700000000002,175.833,0.0132,0.0132
13.11.2023 07:15:45.238 GMT-0800,176.407,175.833,0.0009,0.0132
13.11.2023 07:15:48.218 GMT-0800,176.407,176.123,0.0132,0.0009
13.11.2023 07:15:57.698 GMT-0800,176.297,176.123,0.0009,0.009
13.11.2023 07:15:57.749 GMT-0800,176.407,175.833,0.0132,0.0132
13.11.2023 07:16:00.113 GMT-0800,176.407,175.903,0.0132,0.0009
13.11.2023 07:16:02.373 GMT-0800,176.407,175.833,0.0132,0.0132
13.11.2023 07:16:02.787 GMT-0800,176.547,175.833,0.0132,0.0132
13.11.2023 07:16:03.763 GMT-0800,176.55700000000002,175.833,0.0132,0.0132
13.11.2023 07:16:03.981 GMT-0800,176.327,175.833,0.0009,0.0132
13.11.2023 07:16:11.221 GMT-0800,176.327,175.933,0.0132,0.0009
13.11.2023 07:16:11.726 GMT-0800,176.327,175.833,0.0132,0.0132
13.11.2023 07:16:11.948 GMT-0800,176.327,175.933,0.0132,0.0009
13.11.2023 07:16:14.136 GMT-0800,176.327,175.833,0.0132,0.0132
13.11.2023 07:16:19.169 GMT-0800,176.39700000000002,175.833,0.0132,0.0132
13.11.2023 07:16:19.645 GMT-0800,176.377,175.833,0.0009,0.0132
13.11.2023 07:16:28.439 GMT-0800,176.377,176.003,0.0132,0.0009
13.11.2023 07:16:45.877 GMT-0800,176.39700000000002,176.003,0.0132,0.0132
13.11.2023 07:16:47.049 GMT-0800,176.377,176.003,0.0009,0.0132
13.11.2023 07:17:05.442 GMT-0800,176.377,175.833,0.0132,0.0132
13.11.2023 07:17:05.727 GMT-0800,176.377,176.013,0.0132,0.0009
13.11.2023 07:17:11.543 GMT-0800,176.377,176.16299999999998,0.009,0.0009
13.11.2023 07:17:11.594 GMT-0800,176.39700000000002,176.013,0.0132,0.0132
13.11.2023 07:17:12.583 GMT-0800,176.39700000000002,176.073,0.0132,0.0009
13.11.2023 07:17:13.909 GMT-0800,176.39700000000002,176.083,0.0132,0.0009
13.11.2023 07:17:14.824 GMT-0800,176.39700000000002,176.013,0.0132,0.0132
13.11.2023 07:17:15.627 GMT-0800,176.39700000000002,176.103,0.0132,0.0009
13.11.2023 07:17:19.609 GMT-0800,176.39700000000002,176.013,0.0132,0.0132
13.11.2023 07:17:22.090 GMT-0800,176.39700000000002,175.833,0.0132,0.0132
13.11.2023 07:17:22.259 GMT-0800,176.39700000000002,176.103,0.0132,0.0009
13.11.2023 07:17:37.626 GMT-0800,176.39700000000002,175.833,0.0132,0.0132
13.11.2023 07:17:37.865 GMT-0800,176.39700000000002,176.133,0.0132,0.0009
13.11.2023 07:17:37.968 GMT-0800,176.55700000000002,176.133,0.0132,0.0132
13.11.2023 07:17:39.174 GMT-0800,176.55700000000002,176.143,0.0132,0.0009
13.11.2023 07:17:46.908 GMT-0800,176.607,176.143,0.0132,0.0132
13.11.2023 07:17:47.528 GMT-0800,176.55700000000002,176.143,0.0009,0.0132
13.11.2023 07:17:51.213 GMT-0800,176.55700000000002,175.983,0.0132,0.0132
13.11.2023 07:17:51.474 GMT-0800,176.55700000000002,176.143,0.0132,0.0009
13.11.2023 07:18:07.073 GMT-0800,176.55700000000002,175.983,0.0132,0.0132
13.11.2023 07:18:12.011 GMT-0800,176.55700000000002,176.153,0.0132,0.0009
13.11.2023 07:18:22.590 GMT-0800,176.55700000000002,176.16299999999998,0.0132,0.0009
13.11.2023 07:18:40.069 GMT-0800,176.55700000000002,176.173,0.0132,0.0009
13.11.2023 07:18:45.400 GMT-0800,176.607,176.173,0.0132,0.0132
13.11.2023 07:18:45.578 GMT-0800,176.55700000000002,176.173,0.0009,0.0132
13.11.2023 07:18:45.860 GMT-0800,176.55700000000002,176.243,0.0132,0.0009
13.11.2023 07:18:47.155 GMT-0800,176.55700000000002,176.253,0.0132,0.0009
13.11.2023 07:18:47.257 GMT-0800,176.607,176.253,0.0132,0.0132
13.11.2023 07:18:47.771 GMT-0800,176.55700000000002,176.253,0.0132,0.0132
13.11.2023 07:19:02.595 GMT-0800,176.55700000000002,176.273,0.0132,0.0009
13.11.2023 07:19:15.304 GMT-0800,176.607,176.41299999999998,0.0132,0.0132
13.11.2023 07:19:15.354 GMT-0800,176.607,176.273,0.0132,0.0132
13.11.2023 07:19:15.533 GMT-0800,176.607,176.41299999999998,0.0132,0.0009
13.11.2023 07:19:16.092 GMT-0800,176.607,176.423,0.0132,0.0009
13.11.2023 07:19:17.684 GMT-0800,176.667,176.423,0.0132,0.0132
13.11.2023 07:19:26.013 GMT-0800,176.667,176.513,0.009,0.0009
13.11.2023 07:19:26.128 GMT-0800,176.76700000000002,176.513,0.0132,0.0132
13.11.2023 07:19:40.332 GMT-0800,176.64700000000002,176.513,0.0009,0.009
13.11.2023 07:19:40.383 GMT-0800,176.64700000000002,176.16299999999998,0.0132,0.0132
13.11.2023 07:19:40.777 GMT-0800,176.697,176.16299999999998,0.0009,0.0132
13.11.2023 07:19:41.593 GMT-0800,176.687,176.16299999999998,0.0009,0.0132
13.11.2023 07:19:46.449 GMT-0800,176.697,176.16299999999998,0.0132,0.0132
13.11.2023 07:19:47.046 GMT-0800,176.607,176.16299999999998,0.0009,0.0132
13.11.2023 07:20:07.236 GMT-0800,176.607,176.173,0.0132,0.0009
13.11.2023 07:20:20.238 GMT-0800,176.607,176.19299999999998,0.0132,0.0009
13.11.2023 07:20:22.299 GMT-0800,176.607,176.203,0.0132,0.0132
13.11.2023 07:20:33.352 GMT-0800,176.67700000000002,176.083,0.0132,0.0132
13.11.2023 07:20:33.453 GMT-0800,176.67700000000002,176.003,0.0132,0.0132
13.11.2023 07:20:48.691 GMT-0800,176.67700000000002,175.91299999999998,0.0132,0.0132
13.11.2023 07:20:52.022 GMT-0800,176.67700000000002,175.97299999999998,0.0132,0.0009
13.11.2023 07:20:52.942 GMT-0800,176.347,175.97299999999998,0.0009,0.009
13.11.2023 07:20:52.994 GMT-0800,176.407,175.91299999999998,0.0132,0.0132
13.11.2023 07:20:53.045 GMT-0800,176.417,175.91299999999998,0.0132,0.0132
13.11.2023 07:20:54.130 GMT-0800,176.197,175.91299999999998,0.0009,0.009
13.11.2023 07:20:54.181 GMT-0800,176.417,175.783,0.0132,0.0132
13.11.2023 07:20:59.307 GMT-0800,176.097,175.783,0.0009,0.0132
13.11.2023 07:20:59.358 GMT-0800,176.387,175.783,0.0132,0.0132
13.11.2023 07:21:00.315 GMT-0800,176.347,175.783,0.0009,0.0132
13.11.2023 07:21:00.725 GMT-0800,176.30700000000002,175.783,0.0009,0.0132
13.11.2023 07:21:01.882 GMT-0800,176.30700000000002,175.803,0.0132,0.0009
13.11.2023 07:21:02.216 GMT-0800,176.30700000000002,175.833,0.0132,0.0009
13.11.2023 07:21:05.544 GMT-0800,176.30700000000002,175.783,0.0132,0.0132
13.11.2023 07:21:47.890 GMT-0800,176.30700000000002,175.853,0.0132,0.0009
13.11.2023 07:21:48.268 GMT-0800,176.30700000000002,175.983,0.0132,0.0132
13.11.2023 07:21:52.242 GMT-0800,176.317,175.983,0.0132,0.0132
13.11.2023 07:21:55.740 GMT-0800,176.317,175.933,0.0132,0.0132
13.11.2023 07:22:00.138 GMT-0800,176.357,175.933,0.0132,0.0132
13.11.2023 07:22:13.037 GMT-0800,176.39700000000002,175.933,0.0132,0.0132
13.11.2023 07:22:25.779 GMT-0800,176.39700000000002,175.753,0.0132,0.0132
13.11.2023 07:22:26.317 GMT-0800,176.33700000000002,175.753,0.0009,0.0132
13.11.2023 07:22:30.726 GMT-0800,176.33700000000002,175.613,0.0132,0.0132
13.11.2023 07:22:35.749 GMT-0800,176.20700000000002,175.613,0.0009,0.0132
13.11.2023 07:22:52.806 GMT-0800,176.20700000000002,175.753,0.0132,0.0009
13.11.2023 07:22:53.097 GMT-0800,176.20700000000002,175.613,0.0132,0.0132
13.11.2023 07:22:59.744 GMT-0800,176.26700000000002,175.613,0.0132,0.0132
13.11.2023 07:22:59.795 GMT-0800,176.287,175.613,0.0132,0.0132
13.11.2023 07:23:09.922 GMT-0800,176.097,175.613,0.0009,0.0132
13.11.2023 07:23:12.184 GMT-0800,176.097,175.753,0.0132,0.0009
13.11.2023 07:23:13.170 GMT-0800,176.097,175.613,0.0132,0.0132
13.11.2023 07:23:13.389 GMT-0800,176.097,175.753,0.0132,0.0009
13.11.2023 07:23:32.209 GMT-0800,176.047,175.94299999999998,0.0009,0.0009
13.11.2023 07:23:32.259 GMT-0800,176.097,175.94299999999998,0.0132,0.0132
13.11.2023 07:23:34.275 GMT-0800,176.097,175.903,0.0132,0.0132
13.11.2023 07:23:35.000 GMT-0800,176.097,175.66299999999998,0.0132,0.0132
13.11.2023 07:23:35.101 GMT-0800,176.097,175.333,0.0132,0.0132
13.11.2023 07:23:38.741 GMT-0800,175.997,175.333,0.0009,0.0132
13.11.2023 07:23:42.858 GMT-0800,175.997,175.543,0.0132,0.0009
13.11.2023 07:23:43.151 GMT-0800,175.997,175.323,0.0132,0.0132
13.11.2023 07:23:46.075 GMT-0800,175.997,175.283,0.0132,0.0132
13.11.2023 07:23:46.611 GMT-0800,175.907,175.283,0.0009,0.0132
13.11.2023 07:23:46.713 GMT-0800,175.907,175.453,0.0132,0.0132
13.11.2023 07:23:51.806 GMT-0800,175.907,175.283,0.0132,0.0132
13.11.2023 07:23:54.126 GMT-0800,176.007,175.283,0.0132,0.0132
13.11.2023 07:24:05.261 GMT-0800,175.827,175.283,0.0009,0.0132
13.11.2023 07:24:05.312 GMT-0800,175.847,175.283,0.0132,0.0132
13.11.2023 07:24:06.712 GMT-0800,175.64700000000002,175.283,0.0009,0.0132
13.11.2023 07:24:06.762 GMT-0800,175.847,175.283,0.0132,0.0132
13.11.2023 07:24:07.652 GMT-0800,175.857,175.283,0.0132,0.0132
13.11.2023 07:24:11.487 GMT-0800,175.857,175.313,0.0132,0.0009
13.11.2023 07:24:11.782 GMT-0800,175.857,175.303,0.0132,0.0132
13.11.2023 07:24:17.792 GMT-0800,175.857,175.333,0.0132,0.0009
13.11.2023 07:24:41.308 GMT-0800,175.857,175.41299999999998,0.0132,0.0009
13.11.2023 07:24:41.410 GMT-0800,176.007,175.41299999999998,0.0132,0.0132
13.11.2023 07:24:47.460 GMT-0800,176.007,175.453,0.0132,0.0009
13.11.2023 07:25:10.614 GMT-0800,176.007,175.463,0.0132,0.0009
13.11.2023 07:25:42.262 GMT-0800,176.007,175.523,0.0132,0.0009
13.11.2023 07:25:42.313 GMT-0800,176.297,175.523,0.0132,0.0132
13.11.2023 07:25:43.361 GMT-0800,176.297,175.643,0.0132,0.0009
13.11.2023 07:25:44.668 GMT-0800,176.05700000000002,175.643,0.0009,0.0132
13.11.2023 07:25:50.838 GMT-0800,176.05700000000002,175.583,0.0132,0.0132
13.11.2023 07:27:30.543 GMT-0800,176.05700000000002,175.643,0.0132,0.0009
13.11.2023 07:27:31.129 GMT-0800,176.05700000000002,175.703,0.0132,0.0009
13.11.2023 07:27:31.497 GMT-0800,176.05700000000002,175.72299999999998,0.0132,0.0009
13.11.2023 07:27:32.305 GMT-0800,176.05700000000002,175.733,0.0132,0.0009
13.11.2023 07:27:34.947 GMT-0800,176.05700000000002,175.72299999999998,0.0132,0.0132
13.11.2023 07:27:36.066 GMT-0800,176.167,175.72299999999998,0.0132,0.0132
13.11.2023 07:27:36.635 GMT-0800,176.167,175.823,0.0132,0.0009
13.11.2023 07:27:51.641 GMT-0800,176.167,175.923,0.0132,0.0009
13.11.2023 07:27:51.692 GMT-0800,176.167,175.833,0.0132,0.0132
13.11.2023 07:27:52.203 GMT-0800,176.167,175.853,0.0132,0.0009
13.11.2023 07:27:54.592 GMT-0800,176.167,175.843,0.0132,0.0132
13.11.2023 07:27:55.020 GMT-0800,176.167,175.97299999999998,0.009,0.0009
13.11.2023 07:27:55.071 GMT-0800,176.317,175.843,0.0132,0.0132
13.11.2023 07:27:57.778 GMT-0800,176.30700000000002,175.843,0.0009,0.009
13.11.2023 07:27:57.885 GMT-0800,176.30700000000002,175.833,0.0132,0.0132
13.11.2023 07:27:58.184 GMT-0800,176.317,175.833,0.0132,0.0132
13.11.2023 07:28:06.796 GMT-0800,176.317,175.863,0.0132,0.0009
13.11.2023 07:28:24.664 GMT-0800,176.317,176.003,0.009,0.0009
13.11.2023 07:28:24.737 GMT-0800,176.39700000000002,176.003,0.0132,0.0132
13.11.2023 07:28:24.962 GMT-0800,176.39700000000002,176.073,0.0132,0.0009
13.11.2023 07:28:27.428 GMT-0800,176.39700000000002,176.133,0.0132,0.0009
13.11.2023 07:28:27.479 GMT-0800,176.39700000000002,176.003,0.0132,0.0132
13.11.2023 07:28:27.696 GMT-0800,176.39700000000002,176.133,0.0132,0.0009
13.11.2023 07:28:28.233 GMT-0800,176.39700000000002,176.003,0.0132,0.0132
13.11.2023 07:28:29.844 GMT-0800,176.39700000000002,176.113,0.0132,0.0009
13.11.2023 07:28:30.749 GMT-0800,176.39700000000002,176.123,0.0132,0.0009
13.11.2023 07:28:46.664 GMT-0800,176.48700000000002,176.123,0.0132,0.0132
13.11.2023 07:28:50.158 GMT-0800,176.33700000000002,176.123,0.0009,0.0132
13.11.2023 07:28:57.326 GMT-0800,176.33700000000002,176.213,0.009,0.0009
13.11.2023 07:28:57.389 GMT-0800,176.48700000000002,176.213,0.0132,0.0132
13.11.2023 07:29:03.673 GMT-0800,176.48700000000002,176.233,0.0132,0.0009
13.11.2023 07:29:06.796 GMT-0800,176.477,176.233,0.0009,0.0132
13.11.2023 07:29:13.106 GMT-0800,176.477,176.133,0.0132,0.0132
13.11.2023 07:29:22.102 GMT-0800,176.577,176.133,0.0132,0.0132
13.11.2023 07:29:23.234 GMT-0800,176.437,175.843,0.0132,0.0132
13.11.2023 07:29:23.595 GMT-0800,176.437,175.933,0.0132,0.0009
13.11.2023 07:29:42.069 GMT-0800,176.477,175.933,0.0132,0.0132
13.11.2023 07:29:42.532 GMT-0800,176.357,175.933,0.0009,0.0132
13.11.2023 07:30:00.962 GMT-0800,176.58700000000002,175.933,0.0132,0.0132
13.11.2023 07:30:01.429 GMT-0800,176.42700000000002,175.933,0.0009,0.0132
13.11.2023 07:30:06.768 GMT-0800,176.58700000000002,175.933,0.0132,0.0132
13.11.2023 07:30:07.052 GMT-0800,176.507,175.933,0.0009,0.0132
13.11.2023 07:30:07.269 GMT-0800,176.437,175.933,0.0009,0.0132
13.11.2023 07:30:47.776 GMT-0800,176.297,175.933,0.0009,0.009
13.11.2023 07:30:47.988 GMT-0800,176.297,175.843,0.0132,0.0132
13.11.2023 07:30:52.009 GMT-0800,176.447,175.843,0.0132,0.0132
13.11.2023 07:31:00.895 GMT-0800,176.437,175.843,0.0009,0.0132
13.11.2023 07:31:00.945 GMT-0800,176.447,175.843,0.0132,0.0132
13.11.2023 07:31:07.557 GMT-0800,176.17700000000002,175.843,0.0009,0.0132
13.11.2023 07:31:12.385 GMT-0800,176.17700000000002,175.983,0.009,0.0009
13.11.2023 07:31:12.445 GMT-0800,176.437,175.983,0.0132,0.0132
13.11.2023 07:31:12.546 GMT-0800,176.447,175.983,0.0132,0.0132
13.11.2023 07:31:14.679 GMT-0800,176.577,175.903,0.0132,0.0132
13.11.2023 07:31:18.541 GMT-0800,176.577,176.143,0.009,0.0009
13.11.2023 07:31:18.591 GMT-0800,176.58700000000002,176.143,0.0132,0.0132
13.11.2023 07:31:20.484 GMT-0800,176.577,176.143,0.0009,0.0132
13.11.2023 07:31:22.467 GMT-0800,176.447,176.143,0.0009,0.0132
13.11.2023 07:31:30.979 GMT-0800,176.20700000000002,176.143,0.0009,0.009
13.11.2023 07:31:31.080 GMT-0800,176.197,175.993,0.0132,0.0132
13.11.2023 07:31:41.205 GMT-0800,176.197,175.983,0.0132,0.0132
13.11.2023 07:31:49.313 GMT-0800,176.197,176.093,0.009,0.0009
13.11.2023 07:31:49.363 GMT-0800,176.347,176.093,0.0132,0.0132
13.11.2023 07:31:49.414 GMT-0800,176.347,176.103,0.0132,0.0132
13.11.2023 07:32:02.843 GMT-0800,176.347,176.023,0.0132,0.0132
13.11.2023 07:32:11.449 GMT-0800,176.217,176.023,0.0009,0.009
13.11.2023 07:32:11.500 GMT-0800,176.217,175.983,0.0132,0.0132
13.11.2023 07:32:12.277 GMT-0800,176.127,175.983,0.0009,0.009
13.11.2023 07:32:12.328 GMT-0800,176.127,175.953,0.0132,0.0132
13.11.2023 07:32:12.557 GMT-0800,176.107,175.953,0.0009,0.009
13.11.2023 07:32:12.608 GMT-0800,176.107,175.863,0.0132,0.0132
13.11.2023 07:32:14.458 GMT-0800,176.217,175.863,0.0132,0.0132
13.11.2023 07:32:15.337 GMT-0800,176.067,175.863,0.0009,0.009
13.11.2023 07:32:15.387 GMT-0800,176.217,175.573,0.0132,0.0132
13.11.2023 07:32:18.661 GMT-0800,176.20700000000002,175.573,0.0009,0.0132
13.11.2023 07:32:18.712 GMT-0800,176.217,175.573,0.0132,0.009
13.11.2023 07:32:21.580 GMT-0800,176.20700000000002,175.503,0.0009,0.009
13.11.2023 07:32:21.632 GMT-0800,176.20700000000002,175.383,0.0132,0.0132
13.11.2023 07:32:21.824 GMT-0800,176.197,175.383,0.0009,0.0132
13.11.2023 07:32:21.876 GMT-0800,176.20700000000002,175.383,0.0132,0.0132
13.11.2023 07:32:22.938 GMT-0800,176.197,175.383,0.0009,0.0132
13.11.2023 07:32:23.089 GMT-0800,176.197,175.393,0.0132,0.0132
13.11.2023 07:32:23.140 GMT-0800,176.197,175.343,0.0132,0.0132
13.11.2023 07:32:24.154 GMT-0800,176.20700000000002,175.343,0.0132,0.0132
13.11.2023 07:32:26.680 GMT-0800,176.107,175.343,0.0009,0.0132
13.11.2023 07:32:30.034 GMT-0800,176.107,175.623,0.0132,0.009
13.11.2023 07:32:30.085 GMT-0800,176.107,175.343,0.0132,0.0132
13.11.2023 07:32:31.286 GMT-0800,176.107,175.353,0.0132,0.0009
13.11.2023 07:32:33.135 GMT-0800,176.107,175.483,0.0132,0.0009
13.11.2023 07:32:35.839 GMT-0800,176.097,175.483,0.0009,0.0132
13.11.2023 07:32:35.940 GMT-0800,176.107,175.483,0.0132,0.0132
13.11.2023 07:32:36.708 GMT-0800,176.097,175.483,0.0009,0.0132
13.11.2023 07:32:36.809 GMT-0800,176.107,175.483,0.0132,0.0132
13.11.2023 07:32:41.698 GMT-0800,176.097,175.483,0.0009,0.0132
13.11.2023 07:32:41.799 GMT-0800,176.107,175.483,0.0132,0.0132
13.11.2023 07:32:46.549 GMT-0800,176.097,175.483,0.0009,0.0132
13.11.2023 07:32:46.759 GMT-0800,176.107,175.483,0.0132,0.0132
13.11.2023 07:32:49.518 GMT-0800,176.01700000000002,175.483,0.0009,0.0132
13.11.2023 07:32:55.344 GMT-0800,176.02700000000002,175.483,0.0132,0.0132
13.11.2023 07:32:58.191 GMT-0800,176.01700000000002,175.483,0.0009,0.0132
13.11.2023 07:32:58.779 GMT-0800,175.857,175.483,0.0009,0.009
13.11.2023 07:32:58.830 GMT-0800,175.847,175.333,0.0132,0.0132
13.11.2023 07:32:58.931 GMT-0800,175.86700000000002,175.333,0.0132,0.0132
13.11.2023 07:33:01.729 GMT-0800,175.857,175.333,0.0009,0.0132
13.11.2023 07:33:01.881 GMT-0800,175.86700000000002,175.333,0.0132,0.0132
13.11.2023 07:33:03.459 GMT-0800,175.857,175.333,0.0009,0.0132
13.11.2023 07:33:03.688 GMT-0800,175.86700000000002,175.333,0.0132,0.0132
13.11.2023 07:33:09.257 GMT-0800,175.857,175.333,0.0009,0.0132
13.11.2023 07:33:09.417 GMT-0800,175.86700000000002,175.333,0.0132,0.0132
13.11.2023 07:33:13.069 GMT-0800,175.857,175.333,0.0009,0.0132
13.11.2023 07:33:13.281 GMT-0800,175.86700000000002,175.333,0.0132,0.0132
13.11.2023 07:33:15.054 GMT-0800,175.857,175.333,0.0009,0.0132
13.11.2023 07:33:15.233 GMT-0800,175.86700000000002,175.333,0.0132,0.0132
13.11.2023 07:33:17.922 GMT-0800,175.857,175.333,0.0009,0.0132
13.11.2023 07:33:18.109 GMT-0800,175.86700000000002,175.333,0.0132,0.0132
13.11.2023 07:33:23.721 GMT-0800,175.857,175.333,0.0009,0.0132
13.11.2023 07:33:23.935 GMT-0800,175.86700000000002,175.333,0.0132,0.0132
13.11.2023 07:33:24.158 GMT-0800,175.73700000000002,175.333,0.0009,0.0132
13.11.2023 07:33:35.232 GMT-0800,175.86700000000002,175.333,0.0132,0.0132
13.11.2023 07:33:35.283 GMT-0800,175.857,175.333,0.0132,0.0132
13.11.2023 07:33:35.334 GMT-0800,175.86700000000002,175.333,0.0132,0.0132
13.11.2023 07:33:35.974 GMT-0800,175.857,175.333,0.0009,0.0132
13.11.2023 07:33:36.076 GMT-0800,175.86700000000002,175.333,0.0132,0.0132
13.11.2023 07:33:36.447 GMT-0800,175.86700000000002,175.343,0.0132,0.0009
13.11.2023 07:33:38.735 GMT-0800,175.857,175.343,0.0009,0.0132
13.11.2023 07:33:38.942 GMT-0800,175.86700000000002,175.343,0.0132,0.0132
13.11.2023 07:33:39.998 GMT-0800,175.857,175.343,0.0009,0.0132
13.11.2023 07:33:40.099 GMT-0800,175.86700000000002,175.343,0.0132,0.0132
13.11.2023 07:33:41.628 GMT-0800,175.857,175.343,0.0009,0.0132
13.11.2023 07:33:41.819 GMT-0800,175.86700000000002,175.343,0.0132,0.0132
13.11.2023 07:33:44.535 GMT-0800,175.857,175.343,0.0009,0.0132
13.11.2023 07:33:44.678 GMT-0800,175.86700000000002,175.343,0.0132,0.0132
13.11.2023 07:33:49.462 GMT-0800,175.857,175.343,0.0009,0.0132
13.11.2023 07:33:49.563 GMT-0800,175.86700000000002,175.343,0.0132,0.0132
13.11.2023 07:33:58.998 GMT-0800,175.86700000000002,175.373,0.0132,0.0009
13.11.2023 07:34:00.438 GMT-0800,175.857,175.373,0.0009,0.0132
13.11.2023 07:34:00.488 GMT-0800,175.86700000000002,175.373,0.0132,0.0132
13.11.2023 07:34:02.361 GMT-0800,175.857,175.373,0.0009,0.0132
13.11.2023 07:34:02.462 GMT-0800,175.86700000000002,175.373,0.0132,0.0132
13.11.2023 07:34:04.196 GMT-0800,175.86700000000002,175.343,0.0132,0.0132
13.11.2023 07:34:05.540 GMT-0800,175.86700000000002,175.403,0.0132,0.0009
13.11.2023 07:34:06.982 GMT-0800,175.86700000000002,175.423,0.0132,0.0009
13.11.2023 07:34:09.892 GMT-0800,175.86700000000002,175.403,0.0132,0.0132
13.11.2023 07:34:10.097 GMT-0800,175.86700000000002,175.453,0.0132,0.0009
13.11.2023 07:34:12.012 GMT-0800,175.86700000000002,175.403,0.0132,0.0132
13.11.2023 07:34:12.470 GMT-0800,175.857,175.403,0.0009,0.0132
13.11.2023 07:34:12.656 GMT-0800,175.86700000000002,175.403,0.0132,0.0132
13.11.2023 07:34:16.822 GMT-0800,175.997,175.403,0.0132,0.0132
13.11.2023 07:34:21.400 GMT-0800,175.997,175.453,0.0132,0.0009
13.11.2023 07:34:27.981 GMT-0800,175.98700000000002,175.453,0.0009,0.0132
13.11.2023 07:34:28.132 GMT-0800,175.997,175.453,0.0132,0.0132
13.11.2023 07:34:37.473 GMT-0800,175.997,175.583,0.009,0.0009
13.11.2023 07:34:37.525 GMT-0800,176.007,175.583,0.0132,0.0132
13.11.2023 07:34:37.674 GMT-0800,176.01700000000002,175.583,0.0132,0.0132
13.11.2023 07:34:38.464 GMT-0800,176.007,175.583,0.0009,0.0132
13.11.2023 07:34:38.626 GMT-0800,176.01700000000002,175.583,0.0132,0.0132
13.11.2023 07:34:40.073 GMT-0800,176.007,175.583,0.0009,0.0132
13.11.2023 07:34:40.282 GMT-0800,176.01700000000002,175.583,0.0132,0.0132
13.11.2023 07:34:41.047 GMT-0800,175.98700000000002,175.583,0.0009,0.0132
13.11.2023 07:34:57.665 GMT-0800,175.977,175.583,0.0009,0.0132
13.11.2023 07:34:57.826 GMT-0800,175.98700000000002,175.583,0.0132,0.0132
13.11.2023 07:35:08.347 GMT-0800,175.977,175.583,0.0009,0.0132
13.11.2023 07:35:08.448 GMT-0800,175.98700000000002,175.583,0.0132,0.0132
13.11.2023 07:35:14.127 GMT-0800,175.98700000000002,175.72299999999998,0.0132,0.0009
13.11.2023 07:35:36.743 GMT-0800,175.98700000000002,175.673,0.0132,0.0132
13.11.2023 07:35:41.718 GMT-0800,175.98700000000002,175.683,0.0132,0.0009
13.11.2023 07:36:01.707 GMT-0800,175.98700000000002,175.893,0.009,0.0009
13.11.2023 07:36:01.758 GMT-0800,176.227,175.893,0.0132,0.0132
13.11.2023 07:36:01.935 GMT-0800,176.417,175.893,0.009,0.0132
13.11.2023 07:36:03.545 GMT-0800,176.42700000000002,175.893,0.0132,0.0132
13.11.2023 07:36:05.725 GMT-0800,176.417,175.893,0.0009,0.0132
13.11.2023 07:36:05.940 GMT-0800,176.42700000000002,175.893,0.0132,0.0132
13.11.2023 07:36:10.796 GMT-0800,176.417,175.893,0.0009,0.0132
13.11.2023 07:36:10.897 GMT-0800,176.42700000000002,175.893,0.0132,0.0132
13.11.2023 07:36:18.975 GMT-0800,176.417,175.893,0.0009,0.0132
13.11.2023 07:36:19.148 GMT-0800,176.42700000000002,175.893,0.0132,0.0132
13.11.2023 07:36:26.828 GMT-0800,176.417,175.893,0.0009,0.0132
13.11.2023 07:36:26.990 GMT-0800,176.42700000000002,175.893,0.0132,0.0132
13.11.2023 07:36:29.535 GMT-0800,176.417,175.893,0.0009,0.0132
13.11.2023 07:36:29.637 GMT-0800,176.42700000000002,175.893,0.0132,0.0132
13.11.2023 07:36:30.873 GMT-0800,176.187,175.893,0.0009,0.009
13.11.2023 07:36:30.924 GMT-0800,176.417,175.783,0.0132,0.0132
13.11.2023 07:36:30.975 GMT-0800,176.42700000000002,175.783,0.0132,0.0132
13.11.2023 07:36:31.709 GMT-0800,176.417,175.783,0.0009,0.009
13.11.2023 07:36:31.760 GMT-0800,176.42700000000002,175.593,0.0132,0.0132
13.11.2023 07:36:57.279 GMT-0800,176.417,175.593,0.0009,0.0132
13.11.2023 07:36:57.380 GMT-0800,176.42700000000002,175.593,0.0132,0.0132
13.11.2023 07:36:57.566 GMT-0800,176.067,175.593,0.0009,0.0132
13.11.2023 07:37:02.271 GMT-0800,175.847,175.593,0.0009,0.009
13.11.2023 07:37:02.322 GMT-0800,175.847,175.233,0.0132,0.0132
13.11.2023 07:37:20.103 GMT-0800,175.967,175.233,0.0132,0.0132
13.11.2023 07:37:20.154 GMT-0800,175.977,175.233,0.0132,0.0132
13.11.2023 07:37:27.236 GMT-0800,175.967,175.233,0.0009,0.0132
13.11.2023 07:37:27.388 GMT-0800,175.977,175.233,0.0132,0.0132
13.11.2023 07:37:35.976 GMT-0800,175.967,175.233,0.0009,0.0132
13.11.2023 07:37:36.077 GMT-0800,175.977,175.233,0.0132,0.0132
13.11.2023 07:37:40.101 GMT-0800,175.977,175.153,0.0132,0.0132
13.11.2023 07:37:40.500 GMT-0800,175.977,175.173,0.0132,0.0009
13.11.2023 07:37:40.656 GMT-0800,175.977,175.153,0.0132,0.0132
13.11.2023 07:37:45.745 GMT-0800,175.977,175.173,0.0132,0.0009
13.11.2023 07:37:50.711 GMT-0800,175.977,175.183,0.0132,0.0009
13.11.2023 07:37:54.414 GMT-0800,175.977,175.203,0.0132,0.0009
13.11.2023 07:37:54.821 GMT-0800,175.967,175.323,0.0009,0.0009
13.11.2023 07:37:54.922 GMT-0800,175.977,175.323,0.0132,0.0132
13.11.2023 07:38:02.267 GMT-0800,175.967,175.323,0.0009,0.0132
13.11.2023 07:38:02.318 GMT-0800,175.977,175.323,0.0132,0.0132
13.11.2023 07:38:08.247 GMT-0800,175.917,175.323,0.0009,0.0132
13.11.2023 07:38:36.237 GMT-0800,175.847,175.323,0.0009,0.0132
13.11.2023 07:39:08.250 GMT-0800,175.977,175.323,0.0132,0.0132
13.11.2023 07:39:10.856 GMT-0800,175.977,175.333,0.0132,0.0009
13.11.2023 07:39:15.751 GMT-0800,175.977,175.353,0.0132,0.0009
13.11.2023 07:39:20.839 GMT-0800,175.977,175.333,0.0132,0.0132
13.11.2023 07:39:25.779 GMT-0800,175.977,175.343,0.0132,0.0009
13.11.2023 07:39:30.850 GMT-0800,175.977,175.333,0.0132,0.0132
13.11.2023 07:39:32.174 GMT-0800,175.967,175.333,0.0009,0.0132
13.11.2023 07:39:32.347 GMT-0800,175.977,175.333,0.0132,0.0132
13.11.2023 07:39:35.770 GMT-0800,175.977,175.363,0.0132,0.0009
13.11.2023 07:39:37.407 GMT-0800,175.967,175.363,0.0009,0.0132
13.11.2023 07:39:37.590 GMT-0800,175.977,175.363,0.0132,0.0132
13.11.2023 07:39:39.264 GMT-0800,175.967,175.363,0.0009,0.0132
13.11.2023 07:39:39.429 GMT-0800,175.977,175.363,0.0132,0.0132
13.11.2023 07:39:40.852 GMT-0800,175.967,175.363,0.0009,0.009
13.11.2023 07:39:40.903 GMT-0800,175.977,175.353,0.0132,0.0132
13.11.2023 07:39:43.207 GMT-0800,175.857,175.353,0.0009,0.0132
13.11.2023 07:39:46.277 GMT-0800,175.507,175.353,0.0009,0.009
13.11.2023 07:39:46.327 GMT-0800,175.73700000000002,174.91299999999998,0.0132,0.0132
13.11.2023 07:39:46.428 GMT-0800,175.747,174.91299999999998,0.0132,0.0132
13.11.2023 07:39:46.535 GMT-0800,175.747,175.023,0.0132,0.0009
13.11.2023 07:39:46.586 GMT-0800,175.747,174.91299999999998,0.0132,0.0132
13.11.2023 07:39:46.701 GMT-0800,175.747,175.053,0.0132,0.0009
13.11.2023 07:39:47.557 GMT-0800,175.667,175.053,0.0009,0.0132
13.11.2023 07:39:49.660 GMT-0800,175.667,175.023,0.0132,0.0132
13.11.2023 07:40:00.100 GMT-0800,175.667,174.91299999999998,0.0132,0.0132
13.11.2023 07:40:01.474 GMT-0800,175.667,174.923,0.0132,0.0009
13.11.2023 07:40:01.575 GMT-0800,175.667,175.173,0.0132,0.0009
13.11.2023 07:40:09.344 GMT-0800,175.657,175.173,0.0009,0.0132
13.11.2023 07:40:25.066 GMT-0800,175.64700000000002,175.173,0.0009,0.009
13.11.2023 07:40:25.117 GMT-0800,175.64700000000002,174.91299999999998,0.0132,0.0132
13.11.2023 07:40:25.168 GMT-0800,175.637,174.91299999999998,0.0009,0.0132
13.11.2023 07:40:25.735 GMT-0800,175.637,175.043,0.0132,0.0009
13.11.2023 07:40:25.836 GMT-0800,175.637,175.033,0.0132,0.0132
13.11.2023 07:40:25.942 GMT-0800,175.637,174.91299999999998,0.0132,0.0132
13.11.2023 07:40:29.695 GMT-0800,175.637,175.073,0.0132,0.0009
13.11.2023 07:40:29.796 GMT-0800,175.637,175.063,0.0132,0.0132
13.11.2023 07:40:30.137 GMT-0800,175.637,174.91299999999998,0.0132,0.0132
13.11.2023 07:40:36.168 GMT-0800,175.627,175.063,0.0009,0.0009
13.11.2023 07:40:36.395 GMT-0800,175.637,175.063,0.0132,0.0132
13.11.2023 07:40:36.679 GMT-0800,175.637,175.033,0.0132,0.0132
13.11.2023 07:40:36.978 GMT-0800,175.637,174.91299999999998,0.0132,0.0132
13.11.2023 07:40:38.757 GMT-0800,175.637,175.033,0.0132,0.0009
13.11.2023 07:40:38.889 GMT-0800,175.637,175.043,0.0132,0.0132
13.11.2023 07:40:38.990 GMT-0800,175.637,175.033,0.0132,0.0132
13.11.2023 07:40:39.108 GMT-0800,175.637,175.023,0.0132,0.0132
13.11.2023 07:40:41.487 GMT-0800,175.637,175.19299999999998,0.0132,0.0009
13.11.2023 07:40:53.402 GMT-0800,175.627,175.19299999999998,0.0009,0.0132
13.11.2023 07:41:03.779 GMT-0800,175.627,175.203,0.0132,0.0009
13.11.2023 07:41:04.496 GMT-0800,175.61700000000002,175.203,0.0009,0.0132
13.11.2023 07:41:04.547 GMT-0800,175.627,175.203,0.0132,0.0132
13.11.2023 07:41:08.226 GMT-0800,175.627,175.283,0.0132,0.0009
13.11.2023 07:41:20.914 GMT-0800,175.627,175.513,0.009,0.0009
13.11.2023 07:41:20.964 GMT-0800,175.747,175.403,0.0132,0.0132
13.11.2023 07:41:36.181 GMT-0800,175.747,175.44299999999998,0.0132,0.0009
13.11.2023 07:41:39.311 GMT-0800,175.637,175.44299999999998,0.0009,0.009
13.11.2023 07:41:39.362 GMT-0800,175.637,175.293,0.0132,0.0132
13.11.2023 07:41:41.795 GMT-0800,175.637,175.44299999999998,0.0132,0.0009
13.11.2023 07:42:01.388 GMT-0800,175.637,175.293,0.0132,0.0132
13.11.2023 07:42:01.813 GMT-0800,175.637,175.44299999999998,0.0132,0.0009
13.11.2023 07:42:17.867 GMT-0800,175.637,175.293,0.0132,0.0132
13.11.2023 07:42:33.909 GMT-0800,175.637,175.343,0.0132,0.0009
13.11.2023 07:42:45.716 GMT-0800,175.637,175.47299999999998,0.009,0.0009
13.11.2023 07:42:45.767 GMT-0800,175.787,175.47299999999998,0.0132,0.0132
13.11.2023 07:42:46.701 GMT-0800,175.86700000000002,175.47299999999998,0.0132,0.0132
13.11.2023 07:42:46.808 GMT-0800,175.86700000000002,175.523,0.0132,0.0009
13.11.2023 07:42:46.909 GMT-0800,175.86700000000002,175.47299999999998,0.0132,0.0132
13.11.2023 07:42:47.294 GMT-0800,175.917,175.47299999999998,0.0132,0.0132
13.11.2023 07:43:11.177 GMT-0800,175.917,175.533,0.009,0.0009
13.11.2023 07:43:11.228 GMT-0800,175.977,175.533,0.0132,0.0132
13.11.2023 07:43:11.767 GMT-0800,175.967,175.533,0.0009,0.0132
13.11.2023 07:43:11.946 GMT-0800,175.977,175.533,0.0132,0.0132
13.11.2023 07:43:18.075 GMT-0800,175.977,175.583,0.009,0.0009
13.11.2023 07:43:18.126 GMT-0800,176.037,175.583,0.0132,0.0132
13.11.2023 07:43:21.768 GMT-0800,176.037,175.623,0.0132,0.0009
13.11.2023 07:43:41.376 GMT-0800,176.037,175.673,0.0132,0.0009
13.11.2023 07:43:41.639 GMT-0800,176.02700000000002,175.673,0.0009,0.009
13.11.2023 07:43:41.689 GMT-0800,176.02700000000002,175.623,0.0132,0.0132
13.11.2023 07:43:41.829 GMT-0800,176.037,175.623,0.0132,0.0132
13.11.2023 07:43:44.819 GMT-0800,175.937,175.623,0.0009,0.009
13.11.2023 07:43:44.870 GMT-0800,175.937,175.47299999999998,0.0132,0.0132
13.11.2023 07:43:46.080 GMT-0800,175.977,175.47299999999998,0.0132,0.0132
13.11.2023 07:43:50.675 GMT-0800,175.967,175.47299999999998,0.0009,0.0132
13.11.2023 07:43:50.776 GMT-0800,176.01700000000002,175.47299999999998,0.0132,0.0132
13.11.2023 07:44:04.450 GMT-0800,175.847,175.47299999999998,0.0009,0.0132
13.11.2023 07:44:08.310 GMT-0800,175.687,175.47299999999998,0.0009,0.009
13.11.2023 07:44:08.361 GMT-0800,175.80700000000002,175.373,0.0132,0.0132
13.11.2023 07:44:08.412 GMT-0800,175.847,175.373,0.0132,0.0132
13.11.2023 07:44:08.558 GMT-0800,175.637,175.373,0.0009,0.009
13.11.2023 07:44:08.609 GMT-0800,175.747,175.053,0.0132,0.0132
13.11.2023 07:44:08.660 GMT-0800,175.747,175.043,0.0132,0.0132
13.11.2023 07:44:09.075 GMT-0800,175.73700000000002,175.043,0.0009,0.0132
13.11.2023 07:44:09.177 GMT-0800,175.70700000000002,175.043,0.0132,0.0132
13.11.2023 07:44:09.546 GMT-0800,175.747,175.043,0.0132,0.0132
13.11.2023 07:44:12.678 GMT-0800,175.877,175.043,0.0132,0.0132
13.11.2023 07:44:14.564 GMT-0800,175.70700000000002,175.053,0.0009,0.0009
13.11.2023 07:44:17.746 GMT-0800,175.61700000000002,175.053,0.0009,0.0132
13.11.2023 07:44:20.841 GMT-0800,175.607,175.053,0.0009,0.0132
13.11.2023 07:44:20.892 GMT-0800,175.61700000000002,175.053,0.0132,0.0132
13.11.2023 07:44:21.512 GMT-0800,175.627,175.053,0.0132,0.0132
13.11.2023 07:44:23.914 GMT-0800,175.577,175.053,0.0009,0.0132
13.11.2023 07:44:34.423 GMT-0800,175.567,175.053,0.0009,0.0132
13.11.2023 07:44:34.596 GMT-0800,175.577,175.053,0.0132,0.0132
13.11.2023 07:44:37.696 GMT-0800,175.577,175.043,0.0132,0.0132
13.11.2023 07:44:41.643 GMT-0800,175.577,175.063,0.0132,0.0009
13.11.2023 07:44:43.637 GMT-0800,175.567,175.063,0.0009,0.0132
13.11.2023 07:44:43.738 GMT-0800,175.577,175.063,0.0132,0.0132
13.11.2023 07:44:45.321 GMT-0800,175.577,175.19299999999998,0.0132,0.0132
13.11.2023 07:44:46.175 GMT-0800,175.577,175.203,0.0132,0.0009
13.11.2023 07:44:51.740 GMT-0800,175.577,175.16299999999998,0.0132,0.0132
13.11.2023 07:44:51.876 GMT-0800,175.577,175.153,0.0132,0.0132
13.11.2023 07:44:52.007 GMT-0800,175.577,175.273,0.0132,0.0009
13.11.2023 07:44:57.646 GMT-0800,175.577,175.283,0.0132,0.0009
13.11.2023 07:44:57.833 GMT-0800,175.577,175.273,0.0132,0.0132
13.11.2023 07:45:00.492 GMT-0800,175.577,175.423,0.0132,0.0009
13.11.2023 07:45:15.368 GMT-0800,175.76700000000002,175.423,0.0132,0.0132
13.11.2023 07:45:18.150 GMT-0800,175.917,175.423,0.0132,0.0132
13.11.2023 07:45:23.158 GMT-0800,175.697,175.273,0.0132,0.0132
13.11.2023 07:45:24.102 GMT-0800,175.917,175.273,0.0132,0.0132
13.11.2023 07:45:26.409 GMT-0800,175.907,175.273,0.0009,0.0132
13.11.2023 07:45:30.231 GMT-0800,175.727,175.273,0.0009,0.0132
13.11.2023 07:45:36.006 GMT-0800,175.727,175.333,0.0132,0.0009
13.11.2023 07:46:52.066 GMT-0800,175.727,175.483,0.0132,0.0009
13.11.2023 07:46:52.167 GMT-0800,175.727,175.493,0.0132,0.0132
13.11.2023 07:46:54.035 GMT-0800,175.727,175.503,0.0132,0.0009
13.11.2023 07:47:33.972 GMT-0800,175.727,175.583,0.009,0.0009
13.11.2023 07:47:34.026 GMT-0800,175.877,175.513,0.0132,0.0132
13.11.2023 07:47:34.907 GMT-0800,175.877,175.563,0.0132,0.0009
13.11.2023 07:47:38.955 GMT-0800,175.86700000000002,175.563,0.0009,0.0132
13.11.2023 07:47:39.056 GMT-0800,175.877,175.563,0.0132,0.0132
13.11.2023 07:47:40.931 GMT-0800,175.92700000000002,175.563,0.0132,0.0132
13.11.2023 07:47:46.817 GMT-0800,175.77700000000002,175.563,0.0009,0.009
13.11.2023 07:47:46.868 GMT-0800,175.907,175.403,0.0132,0.0132
13.11.2023 07:47:50.413 GMT-0800,175.76700000000002,175.403,0.0009,0.0132
13.11.2023 07:48:06.328 GMT-0800,175.757,175.41299999999998,0.0009,0.0009
13.11.2023 07:48:06.429 GMT-0800,175.67700000000002,175.353,0.0132,0.0132
13.11.2023 07:48:57.017 GMT-0800,175.547,175.353,0.0009,0.009
13.11.2023 07:48:57.068 GMT-0800,175.67700000000002,175.273,0.0132,0.0132
13.11.2023 07:49:00.212 GMT-0800,175.667,175.273,0.0009,0.0132
13.11.2023 07:49:00.304 GMT-0800,175.67700000000002,175.273,0.0132,0.0132
13.11.2023 07:49:00.995 GMT-0800,175.667,175.243,0.0132,0.0132
13.11.2023 07:49:01.141 GMT-0800,175.67700000000002,175.243,0.0132,0.0132
13.11.2023 07:49:03.479 GMT-0800,175.48700000000002,175.243,0.0009,0.009
13.11.2023 07:49:03.529 GMT-0800,175.67700000000002,175.153,0.0132,0.0132
13.11.2023 07:49:05.750 GMT-0800,175.67700000000002,175.283,0.0132,0.0009
13.11.2023 07:49:10.777 GMT-0800,175.67700000000002,175.323,0.0132,0.0009
13.11.2023 07:49:13.934 GMT-0800,175.52700000000002,175.323,0.0009,0.009
13.11.2023 07:49:13.985 GMT-0800,175.67700000000002,175.283,0.0132,0.0132
13.11.2023 07:49:18.116 GMT-0800,175.497,175.283,0.0009,0.009
13.11.2023 07:49:18.167 GMT-0800,175.67700000000002,175.153,0.0132,0.0132
13.11.2023 07:49:22.319 GMT-0800,175.607,175.153,0.0009,0.0132
13.11.2023 07:49:24.065 GMT-0800,175.45700000000002,175.153,0.0009,0.0132
13.11.2023 07:49:28.720 GMT-0800,175.45700000000002,175.043,0.0132,0.0132
13.11.2023 07:49:39.759 GMT-0800,175.45700000000002,175.093,0.0132,0.0009
13.11.2023 07:49:48.472 GMT-0800,175.45700000000002,175.103,0.0132,0.0009
13.11.2023 07:49:55.223 GMT-0800,175.45700000000002,175.133,0.0132,0.0009
13.11.2023 07:50:12.020 GMT-0800,175.45700000000002,175.173,0.0132,0.0009
13.11.2023 07:51:00.655 GMT-0800,175.45700000000002,175.183,0.0132,0.0009
13.11.2023 07:51:01.895 GMT-0800,175.577,175.343,0.0132,0.009
13.11.2023 07:51:01.946 GMT-0800,175.577,175.183,0.0132,0.0132
13.11.2023 07:51:17.038 GMT-0800,175.577,175.22299999999998,0.0132,0.0009
13.11.2023 07:51:26.729 GMT-0800,175.577,175.41299999999998,0.009,0.0009
13.11.2023 07:51:26.779 GMT-0800,175.67700000000002,175.41299999999998,0.0132,0.0132
13.11.2023 07:51:36.407 GMT-0800,175.67700000000002,175.393,0.0132,0.0132
13.11.2023 07:51:53.804 GMT-0800,175.567,175.263,0.0132,0.0132
13.11.2023 07:51:53.855 GMT-0800,175.67700000000002,175.263,0.0132,0.0132
13.11.2023 07:52:01.621 GMT-0800,175.67700000000002,175.323,0.0132,0.0009
13.11.2023 07:52:01.812 GMT-0800,175.67700000000002,175.333,0.0132,0.0009
13.11.2023 07:52:17.064 GMT-0800,175.67700000000002,175.343,0.0132,0.0009
13.11.2023 07:52:32.330 GMT-0800,175.67700000000002,175.353,0.0132,0.0009
13.11.2023 07:52:47.865 GMT-0800,175.67700000000002,175.383,0.0132,0.0009
13.11.2023 07:53:23.196 GMT-0800,175.67700000000002,175.393,0.0132,0.0009
13.11.2023 07:53:39.075 GMT-0800,175.67700000000002,175.403,0.0132,0.0009
13.11.2023 07:53:43.385 GMT-0800,175.67700000000002,175.523,0.009,0.0009
13.11.2023 07:53:43.436 GMT-0800,175.827,175.523,0.0132,0.0132
13.11.2023 07:53:48.164 GMT-0800,175.92700000000002,175.523,0.0132,0.0132
13.11.2023 07:53:53.019 GMT-0800,175.92700000000002,175.593,0.0132,0.0009
13.11.2023 07:53:53.819 GMT-0800,175.917,175.593,0.0009,0.0132
13.11.2023 07:53:53.920 GMT-0800,175.92700000000002,175.593,0.0132,0.0132
13.11.2023 07:54:04.078 GMT-0800,175.797,175.593,0.0009,0.0132
13.11.2023 07:54:11.580 GMT-0800,175.797,175.573,0.0132,0.0132
13.11.2023 07:54:13.040 GMT-0800,175.797,175.66299999999998,0.009,0.0009
13.11.2023 07:54:13.090 GMT-0800,175.947,175.66299999999998,0.0132,0.0132
13.11.2023 07:54:14.968 GMT-0800,175.947,175.673,0.0132,0.0009
13.11.2023 07:54:56.291 GMT-0800,175.947,175.683,0.0132,0.0132
13.11.2023 07:55:00.242 GMT-0800,175.947,175.703,0.0132,0.0009
13.11.2023 07:55:01.662 GMT-0800,175.947,175.543,0.0132,0.0132
13.11.2023 07:55:01.912 GMT-0800,175.947,175.463,0.0132,0.0132
13.11.2023 07:55:05.198 GMT-0800,175.937,175.463,0.0009,0.0132
13.11.2023 07:55:06.899 GMT-0800,175.92700000000002,175.463,0.0009,0.0132
13.11.2023 07:55:07.000 GMT-0800,175.937,175.463,0.0132,0.0132
13.11.2023 07:55:09.501 GMT-0800,175.937,175.493,0.0132,0.0009
13.11.2023 07:55:11.578 GMT-0800,175.907,175.493,0.0009,0.0132
13.11.2023 07:55:11.629 GMT-0800,175.937,175.493,0.009,0.0132
13.11.2023 07:55:11.680 GMT-0800,175.947,175.493,0.0132,0.0132
13.11.2023 07:55:29.113 GMT-0800,175.937,175.493,0.0009,0.0132
13.11.2023 07:55:31.955 GMT-0800,175.947,175.463,0.0132,0.0132
13.11.2023 07:55:32.071 GMT-0800,175.947,175.493,0.0132,0.0009
13.11.2023 07:55:33.319 GMT-0800,175.937,175.493,0.0009,0.0132
13.11.2023 07:55:33.370 GMT-0800,175.947,175.493,0.0132,0.0132
13.11.2023 07:55:45.073 GMT-0800,175.937,175.493,0.0009,0.0132
13.11.2023 07:55:45.174 GMT-0800,175.92700000000002,175.493,0.0009,0.009
13.11.2023 07:55:45.224 GMT-0800,175.92700000000002,175.41299999999998,0.0132,0.0132
13.11.2023 07:55:45.328 GMT-0800,175.89700000000002,175.41299999999998,0.0009,0.0132
13.11.2023 07:55:45.695 GMT-0800,175.887,175.333,0.0132,0.0132
13.11.2023 07:55:45.933 GMT-0800,175.757,175.333,0.0009,0.0132
13.11.2023 07:55:46.213 GMT-0800,175.747,175.333,0.0009,0.0132
13.11.2023 07:55:46.264 GMT-0800,175.757,175.333,0.0132,0.0132
13.11.2023 07:55:46.362 GMT-0800,175.70700000000002,175.333,0.0009,0.0132
13.11.2023 07:55:48.047 GMT-0800,175.697,175.333,0.0009,0.009
13.11.2023 07:55:48.098 GMT-0800,175.70700000000002,175.333,0.0132,0.009
13.11.2023 07:55:48.924 GMT-0800,175.697,175.093,0.0009,0.0132
13.11.2023 07:55:51.074 GMT-0800,175.687,175.103,0.0009,0.0009
13.11.2023 07:55:51.125 GMT-0800,175.697,175.093,0.0132,0.0132
13.11.2023 07:55:51.504 GMT-0800,175.697,175.063,0.0132,0.0132
13.11.2023 07:55:52.250 GMT-0800,175.697,175.043,0.0132,0.0132
13.11.2023 07:55:52.415 GMT-0800,175.697,175.153,0.0132,0.0009
13.11.2023 07:55:56.711 GMT-0800,175.687,175.153,0.0009,0.0132
13.11.2023 07:55:56.947 GMT-0800,175.697,175.153,0.0132,0.0132
13.11.2023 07:56:03.341 GMT-0800,175.687,175.153,0.0009,0.0132
13.11.2023 07:56:03.548 GMT-0800,175.697,175.153,0.0132,0.0132
13.11.2023 07:56:08.645 GMT-0800,175.697,175.123,0.0132,0.0132
13.11.2023 07:56:09.555 GMT-0800,175.697,175.043,0.0132,0.0132
13.11.2023 07:56:13.632 GMT-0800,175.697,175.133,0.0132,0.0009
13.11.2023 07:56:18.601 GMT-0800,175.687,175.16299999999998,0.0009,0.0009
13.11.2023 07:56:18.703 GMT-0800,175.697,175.16299999999998,0.0132,0.0132
13.11.2023 07:56:27.125 GMT-0800,175.697,175.153,0.0132,0.0132
13.11.2023 07:56:27.628 GMT-0800,175.70700000000002,175.153,0.0132,0.0132
13.11.2023 07:56:28.804 GMT-0800,175.70700000000002,175.16299999999998,0.0132,0.0009
13.11.2023 07:56:28.905 GMT-0800,175.70700000000002,175.153,0.0132,0.0132
13.11.2023 07:56:29.973 GMT-0800,175.70700000000002,175.16299999999998,0.0132,0.0009
13.11.2023 07:56:30.074 GMT-0800,175.70700000000002,175.153,0.0132,0.0132
13.11.2023 07:56:30.398 GMT-0800,175.70700000000002,175.16299999999998,0.0132,0.0009
13.11.2023 07:56:33.149 GMT-0800,175.70700000000002,175.173,0.0132,0.0009
13.11.2023 07:56:33.376 GMT-0800,175.70700000000002,175.16299999999998,0.0132,0.0132
13.11.2023 07:56:59.079 GMT-0800,175.70700000000002,175.173,0.0132,0.0009
13.11.2023 07:56:59.180 GMT-0800,175.70700000000002,175.16299999999998,0.0132,0.0132
13.11.2023 07:57:05.546 GMT-0800,175.70700000000002,175.153,0.0132,0.0132
13.11.2023 07:57:19.207 GMT-0800,175.70700000000002,175.16299999999998,0.0132,0.0009
13.11.2023 07:57:19.258 GMT-0800,175.70700000000002,175.153,0.0132,0.0132
13.11.2023 07:57:26.215 GMT-0800,175.70700000000002,175.053,0.0132,0.0132
13.11.2023 07:57:26.340 GMT-0800,175.70700000000002,175.043,0.0132,0.0132
13.11.2023 07:57:33.033 GMT-0800,175.70700000000002,175.053,0.0132,0.0009
13.11.2023 07:57:33.242 GMT-0800,175.70700000000002,175.043,0.0132,0.0132
13.11.2023 07:57:45.166 GMT-0800,175.70700000000002,175.053,0.0132,0.0009
13.11.2023 07:57:45.268 GMT-0800,175.70700000000002,175.043,0.0132,0.0132
13.11.2023 07:57:47.300 GMT-0800,175.70700000000002,175.293,0.0132,0.0009
13.11.2023 07:58:09.655 GMT-0800,175.70700000000002,175.043,0.0132,0.0132
13.11.2023 07:58:10.284 GMT-0800,175.70700000000002,175.053,0.0132,0.0009
13.11.2023 07:58:13.677 GMT-0800,175.55700000000002,175.053,0.0009,0.0132
13.11.2023 07:58:22.268 GMT-0800,175.477,175.053,0.0009,0.0132
13.11.2023 07:58:26.328 GMT-0800,175.477,175.043,0.0132,0.0132
13.11.2023 07:58:30.100 GMT-0800,175.55700000000002,175.043,0.0132,0.0132
13.11.2023 07:58:30.203 GMT-0800,175.55700000000002,175.123,0.0132,0.0009
13.11.2023 07:58:38.778 GMT-0800,175.477,175.123,0.0009,0.0132
13.11.2023 07:58:53.213 GMT-0800,175.477,175.16299999999998,0.0132,0.0009
13.11.2023 07:58:54.262 GMT-0800,175.477,175.123,0.0132,0.0132
13.11.2023 07:58:57.560 GMT-0800,175.467,175.123,0.0009,0.0132
13.11.2023 07:59:33.912 GMT-0800,175.467,175.16299999999998,0.0132,0.0009
13.11.2023 08:00:00.791 GMT-0800,175.45700000000002,175.16299999999998,0.0009,0.009
13.11.2023 08:00:00.842 GMT-0800,175.45700000000002,175.123,0.0132,0.0132
13.11.2023 08:00:00.893 GMT-0800,175.467,175.123,0.0132,0.0132
13.11.2023 08:00:04.041 GMT-0800,175.467,175.043,0.0132,0.0132
13.11.2023 08:00:06.841 GMT-0800,175.477,175.043,0.0132,0.0132
13.11.2023 08:00:10.216 GMT-0800,175.477,175.053,0.0132,0.0009
13.11.2023 08:00:10.267 GMT-0800,175.477,175.043,0.0132,0.0132
13.11.2023 08:00:15.206 GMT-0800,175.477,175.123,0.0132,0.0009
13.11.2023 08:00:15.408 GMT-0800,175.607,175.253,0.0132,0.0132
13.11.2023 08:00:18.445 GMT-0800,175.607,175.263,0.0132,0.0009
13.11.2023 08:00:19.995 GMT-0800,175.607,175.273,0.0132,0.0009
13.11.2023 08:00:26.494 GMT-0800,175.607,175.283,0.0132,0.0009
13.11.2023 08:00:26.595 GMT-0800,175.607,175.373,0.0132,0.0132
13.11.2023 08:00:26.794 GMT-0800,175.607,175.513,0.009,0.0009
13.11.2023 08:00:26.845 GMT-0800,175.727,175.283,0.0132,0.0132
13.11.2023 08:00:27.037 GMT-0800,175.727,175.47299999999998,0.0132,0.0009
13.11.2023 08:00:27.259 GMT-0800,175.73700000000002,175.47299999999998,0.0132,0.0132
13.11.2023 08:00:45.893 GMT-0800,175.73700000000002,175.463,0.0132,0.0132
13.11.2023 08:00:58.649 GMT-0800,175.627,175.463,0.0009,0.009
13.11.2023 08:00:58.700 GMT-0800,175.73700000000002,175.463,0.0132,0.009
13.11.2023 08:00:58.751 GMT-0800,175.73700000000002,175.313,0.0132,0.0132
13.11.2023 08:01:01.682 GMT-0800,175.73700000000002,175.453,0.0132,0.0009
13.11.2023 08:01:14.742 GMT-0800,175.73700000000002,175.463,0.009,0.0009
13.11.2023 08:01:14.799 GMT-0800,175.817,175.463,0.0132,0.0132
13.11.2023 08:01:17.656 GMT-0800,175.77700000000002,175.463,0.0009,0.0132
13.11.2023 08:01:21.868 GMT-0800,175.77700000000002,175.613,0.009,0.0009
13.11.2023 08:01:21.918 GMT-0800,176.127,175.613,0.0132,0.0132
13.11.2023 08:01:21.969 GMT-0800,176.137,175.613,0.0132,0.0132
13.11.2023 08:01:24.509 GMT-0800,176.127,175.613,0.0009,0.0132
13.11.2023 08:01:24.704 GMT-0800,176.137,175.613,0.0132,0.0132
13.11.2023 08:01:25.971 GMT-0800,176.127,175.613,0.0009,0.0132
13.11.2023 08:01:26.915 GMT-0800,176.11700000000002,175.613,0.0009,0.0132
13.11.2023 08:01:27.115 GMT-0800,176.127,175.613,0.0132,0.0132
13.11.2023 08:01:34.370 GMT-0800,176.26700000000002,175.613,0.0132,0.0132
13.11.2023 08:01:37.045 GMT-0800,176.26700000000002,175.653,0.0132,0.0009
13.11.2023 08:01:37.213 GMT-0800,176.257,175.653,0.0009,0.0132
13.11.2023 08:01:39.031 GMT-0800,176.247,175.653,0.0009,0.0132
13.11.2023 08:01:39.082 GMT-0800,176.257,175.653,0.0132,0.0132
13.11.2023 08:01:39.133 GMT-0800,176.257,175.763,0.0132,0.0132
13.11.2023 08:01:39.605 GMT-0800,176.247,175.763,0.0009,0.0132
13.11.2023 08:01:39.656 GMT-0800,176.257,175.763,0.0132,0.0132
13.11.2023 08:01:50.792 GMT-0800,176.037,175.763,0.0009,0.009
13.11.2023 08:01:50.843 GMT-0800,176.127,175.713,0.0132,0.0132
13.11.2023 08:01:51.863 GMT-0800,175.907,175.713,0.0009,0.009
13.11.2023 08:01:51.913 GMT-0800,176.137,175.483,0.0132,0.0132
13.11.2023 08:01:52.287 GMT-0800,175.877,175.483,0.0009,0.0132
13.11.2023 08:01:52.338 GMT-0800,176.08700000000002,175.483,0.0132,0.0132
13.11.2023 08:01:52.620 GMT-0800,176.097,175.483,0.0132,0.0132
13.11.2023 08:01:53.574 GMT-0800,176.037,175.483,0.0009,0.0132
13.11.2023 08:01:54.621 GMT-0800,176.02700000000002,175.483,0.0009,0.0132
13.11.2023 08:01:54.672 GMT-0800,176.037,175.483,0.0132,0.0132
13.11.2023 08:01:55.288 GMT-0800,176.02700000000002,175.483,0.0009,0.0132
13.11.2023 08:01:55.670 GMT-0800,176.037,175.483,0.0132,0.0132
13.11.2023 08:02:00.969 GMT-0800,176.02700000000002,175.483,0.0009,0.0132
13.11.2023 08:02:01.070 GMT-0800,176.037,175.483,0.0132,0.0132
13.11.2023 08:02:02.445 GMT-0800,176.037,175.583,0.0132,0.0009
13.11.2023 08:02:07.209 GMT-0800,176.037,175.603,0.0132,0.0009
13.11.2023 08:02:18.577 GMT-0800,176.02700000000002,175.603,0.0009,0.0132
13.11.2023 08:02:18.634 GMT-0800,176.037,175.603,0.0132,0.0132
13.11.2023 08:02:23.425 GMT-0800,176.02700000000002,175.603,0.0009,0.0132
13.11.2023 08:02:23.639 GMT-0800,176.037,175.603,0.0132,0.0132
13.11.2023 08:02:26.276 GMT-0800,176.02700000000002,175.603,0.0009,0.0132
13.11.2023 08:02:26.513 GMT-0800,176.037,175.603,0.0132,0.0132
13.11.2023 08:02:37.483 GMT-0800,176.02700000000002,175.603,0.0009,0.0132
13.11.2023 08:02:38.996 GMT-0800,176.01700000000002,175.603,0.0009,0.0132
13.11.2023 08:03:03.210 GMT-0800,176.01700000000002,175.613,0.0132,0.0009
13.11.2023 08:03:38.654 GMT-0800,175.847,175.613,0.0009,0.009
13.11.2023 08:03:38.704 GMT-0800,176.007,175.613,0.0009,0.009
13.11.2023 08:03:38.780 GMT-0800,176.007,175.553,0.0132,0.0132
13.11.2023 08:03:41.741 GMT-0800,176.01700000000002,175.553,0.0132,0.0132
13.11.2023 08:03:43.379 GMT-0800,176.01700000000002,175.463,0.0132,0.0132
13.11.2023 08:03:45.531 GMT-0800,175.917,175.463,0.0009,0.0132
13.11.2023 08:03:45.965 GMT-0800,175.907,175.463,0.0009,0.0132
13.11.2023 08:03:46.117 GMT-0800,175.917,175.463,0.0132,0.0132
13.11.2023 08:03:53.155 GMT-0800,175.907,175.463,0.0009,0.0132
13.11.2023 08:03:53.379 GMT-0800,175.917,175.463,0.0132,0.0132
13.11.2023 08:04:06.292 GMT-0800,175.907,175.463,0.0009,0.0132
13.11.2023 08:04:06.343 GMT-0800,175.917,175.463,0.0132,0.0132
13.11.2023 08:04:07.966 GMT-0800,175.907,175.463,0.0009,0.0132
13.11.2023 08:04:08.067 GMT-0800,175.917,175.463,0.0132,0.0132
13.11.2023 08:04:21.949 GMT-0800,175.907,175.463,0.0009,0.0132
13.11.2023 08:04:22.138 GMT-0800,175.917,175.463,0.0132,0.0132
13.11.2023 08:04:25.331 GMT-0800,175.907,175.463,0.0009,0.0132
13.11.2023 08:04:25.381 GMT-0800,175.917,175.463,0.0132,0.0132
13.11.2023 08:04:48.113 GMT-0800,175.907,175.463,0.0009,0.0132
13.11.2023 08:04:48.214 GMT-0800,175.917,175.463,0.0132,0.0132
13.11.2023 08:05:03.882 GMT-0800,175.83700000000002,175.463,0.0009,0.0132
13.11.2023 08:05:12.729 GMT-0800,175.67700000000002,175.463,0.0009,0.009
13.11.2023 08:05:12.779 GMT-0800,175.83700000000002,175.463,0.0132,0.009
13.11.2023 08:05:12.830 GMT-0800,175.83700000000002,175.41299999999998,0.0132,0.0132
13.11.2023 08:05:14.192 GMT-0800,175.657,175.41299999999998,0.0009,0.009
13.11.2023 08:05:14.243 GMT-0800,175.827,175.41299999999998,0.0009,0.009
13.11.2023 08:05:14.294 GMT-0800,175.83700000000002,175.41299999999998,0.0132,0.009
13.11.2023 08:05:14.441 GMT-0800,175.83700000000002,175.313,0.0132,0.0132
13.11.2023 08:05:15.088 GMT-0800,175.797,175.313,0.0009,0.0132
13.11.2023 08:05:15.230 GMT-0800,175.787,175.313,0.0009,0.0132
13.11.2023 08:05:15.382 GMT-0800,175.797,175.313,0.0132,0.0132
13.11.2023 08:05:19.455 GMT-0800,175.657,175.313,0.0009,0.0132
13.11.2023 08:05:30.077 GMT-0800,175.64700000000002,175.313,0.0009,0.0132
13.11.2023 08:05:40.906 GMT-0800,175.567,175.313,0.0009,0.0132
13.11.2023 08:05:52.948 GMT-0800,175.55700000000002,175.313,0.0009,0.0132
13.11.2023 08:06:03.566 GMT-0800,175.567,175.313,0.0132,0.0132
13.11.2023 08:06:18.916 GMT-0800,175.567,175.323,0.0132,0.0009
13.11.2023 08:06:20.376 GMT-0800,175.747,175.323,0.0132,0.0132
13.11.2023 08:06:32.858 GMT-0800,175.747,175.41299999999998,0.0132,0.0009
13.11.2023 08:06:39.802 GMT-0800,175.747,175.423,0.0132,0.0009
13.11.2023 08:06:40.763 GMT-0800,175.747,175.41299999999998,0.0132,0.0132
13.11.2023 08:06:52.077 GMT-0800,175.747,175.423,0.0132,0.0009
13.11.2023 08:06:52.928 GMT-0800,175.697,175.423,0.0009,0.0132
13.11.2023 08:07:24.608 GMT-0800,175.697,175.44299999999998,0.0132,0.0009
13.11.2023 08:07:41.537 GMT-0800,175.697,175.423,0.0132,0.0132
13.11.2023 08:07:47.895 GMT-0800,175.747,175.423,0.0132,0.0132
13.11.2023 08:07:49.518 GMT-0800,175.697,175.423,0.0009,0.0132
13.11.2023 08:07:50.344 GMT-0800,175.747,175.553,0.0132,0.0132
13.11.2023 08:08:01.353 GMT-0800,175.917,175.553,0.0132,0.0132
13.11.2023 08:08:01.940 GMT-0800,175.787,175.553,0.0009,0.0132
13.11.2023 08:08:07.524 GMT-0800,175.787,175.563,0.0132,0.0009
13.11.2023 08:08:07.853 GMT-0800,175.917,175.563,0.0132,0.0132
13.11.2023 08:08:08.087 GMT-0800,175.787,175.563,0.0009,0.0132
13.11.2023 08:08:10.627 GMT-0800,175.70700000000002,175.563,0.0009,0.009
13.11.2023 08:08:10.677 GMT-0800,175.787,175.563,0.0132,0.009
13.11.2023 08:08:10.761 GMT-0800,175.787,175.463,0.0132,0.0132
13.11.2023 08:08:11.273 GMT-0800,175.797,175.463,0.0132,0.0132
13.11.2023 08:08:12.233 GMT-0800,175.787,175.463,0.0009,0.009
13.11.2023 08:08:12.284 GMT-0800,175.797,175.253,0.0132,0.0132
13.11.2023 08:08:12.489 GMT-0800,175.61700000000002,175.253,0.0009,0.0132
13.11.2023 08:08:12.540 GMT-0800,175.747,175.253,0.0132,0.0132
13.11.2023 08:08:12.757 GMT-0800,175.697,175.253,0.0009,0.0132
13.11.2023 08:08:13.044 GMT-0800,175.687,175.253,0.0132,0.0132
13.11.2023 08:08:13.602 GMT-0800,175.697,175.253,0.0132,0.0132
13.11.2023 08:08:18.791 GMT-0800,175.687,175.253,0.0009,0.0132
13.11.2023 08:08:19.074 GMT-0800,175.697,175.253,0.0132,0.0132
13.11.2023 08:08:31.592 GMT-0800,175.687,175.253,0.0009,0.0132
13.11.2023 08:08:31.891 GMT-0800,175.697,175.253,0.0132,0.0132
13.11.2023 08:08:40.646 GMT-0800,175.687,175.253,0.0009,0.0132
13.11.2023 08:08:40.937 GMT-0800,175.697,175.253,0.0132,0.0132
13.11.2023 08:08:41.546 GMT-0800,175.757,175.253,0.0132,0.0132
13.11.2023 08:08:41.727 GMT-0800,175.687,175.253,0.0009,0.0132
13.11.2023 08:08:43.289 GMT-0800,175.687,175.263,0.0132,0.0009
13.11.2023 08:08:43.446 GMT-0800,175.687,175.253,0.0132,0.0132
13.11.2023 08:08:44.275 GMT-0800,175.797,175.253,0.0132,0.0132
13.11.2023 08:08:52.441 GMT-0800,175.797,175.263,0.0132,0.0009
13.11.2023 08:08:52.542 GMT-0800,175.797,175.253,0.0132,0.0132
13.11.2023 08:08:58.195 GMT-0800,175.797,175.263,0.0132,0.0009
13.11.2023 08:08:58.245 GMT-0800,175.797,175.253,0.0132,0.0132
13.11.2023 08:09:00.311 GMT-0800,175.797,175.41299999999998,0.0132,0.0009
13.11.2023 08:09:18.438 GMT-0800,175.687,175.41299999999998,0.0009,0.0132
13.11.2023 08:09:18.489 GMT-0800,175.787,175.41299999999998,0.0009,0.0132
13.11.2023 08:09:22.025 GMT-0800,175.787,175.503,0.0132,0.0009
13.11.2023 08:09:31.936 GMT-0800,175.917,175.503,0.0132,0.0132
13.11.2023 08:09:32.733 GMT-0800,175.787,175.503,0.0009,0.0132
13.11.2023 08:09:36.164 GMT-0800,175.917,175.503,0.0132,0.0132
13.11.2023 08:09:48.375 GMT-0800,175.917,175.583,0.0132,0.0009
13.11.2023 08:10:00.352 GMT-0800,175.70700000000002,175.503,0.009,0.0132
13.11.2023 08:10:00.403 GMT-0800,175.917,175.503,0.0132,0.0132
13.11.2023 08:10:01.525 GMT-0800,175.907,175.503,0.0009,0.0132
13.11.2023 08:10:01.730 GMT-0800,175.917,175.503,0.0132,0.0132
13.11.2023 08:10:05.225 GMT-0800,175.907,175.503,0.0009,0.0132
13.11.2023 08:10:05.484 GMT-0800,175.917,175.503,0.0132,0.0132
13.11.2023 08:10:13.783 GMT-0800,175.757,175.503,0.0009,0.0132
13.11.2023 08:10:14.198 GMT-0800,175.917,175.503,0.0132,0.0132
13.11.2023 08:10:15.493 GMT-0800,175.907,175.503,0.0009,0.0132
13.11.2023 08:10:15.543 GMT-0800,175.917,175.503,0.0132,0.0132
13.11.2023 08:10:19.882 GMT-0800,175.907,175.503,0.0009,0.0132
13.11.2023 08:10:20.038 GMT-0800,175.917,175.503,0.0132,0.0132
13.11.2023 08:10:23.826 GMT-0800,175.907,175.503,0.0009,0.0132
13.11.2023 08:10:23.927 GMT-0800,175.917,175.503,0.0132,0.0132
13.11.2023 08:10:28.735 GMT-0800,175.907,175.503,0.0009,0.0132
13.11.2023 08:10:28.836 GMT-0800,175.917,175.503,0.0132,0.0132
13.11.2023 08:10:30.524 GMT-0800,175.907,175.503,0.0009,0.0132
13.11.2023 08:10:30.751 GMT-0800,175.917,175.503,0.0132,0.0132
13.11.2023 08:10:32.426 GMT-0800,175.907,175.503,0.0009,0.0132
13.11.2023 08:10:32.527 GMT-0800,175.917,175.503,0.0132,0.0132
13.11.2023 08:10:34.086 GMT-0800,175.907,175.503,0.0009,0.0132
13.11.2023 08:10:34.319 GMT-0800,175.917,175.503,0.0132,0.0132
13.11.2023 08:10:52.716 GMT-0800,175.907,175.503,0.0009,0.0132
13.11.2023 08:10:52.817 GMT-0800,175.917,175.503,0.0132,0.0132
13.11.2023 08:10:57.496 GMT-0800,175.727,175.503,0.0009,0.0132
13.11.2023 08:11:00.699 GMT-0800,175.64700000000002,175.503,0.0009,0.009
13.11.2023 08:11:00.749 GMT-0800,175.727,175.41299999999998,0.0132,0.0132
13.11.2023 08:11:00.956 GMT-0800,175.717,175.41299999999998,0.0009,0.0132
13.11.2023 08:11:01.006 GMT-0800,175.727,175.41299999999998,0.0132,0.0132
13.11.2023 08:11:01.469 GMT-0800,175.597,175.41299999999998,0.0009,0.009
13.11.2023 08:11:01.520 GMT-0800,175.727,175.303,0.0132,0.0132
13.11.2023 08:11:02.096 GMT-0800,175.717,175.303,0.0009,0.0132
13.11.2023 08:11:02.197 GMT-0800,175.727,175.303,0.0132,0.0132
13.11.2023 08:11:09.329 GMT-0800,175.657,175.303,0.0009,0.0132
13.11.2023 08:11:10.442 GMT-0800,175.727,175.303,0.0132,0.0132
13.11.2023 08:11:10.641 GMT-0800,175.597,175.303,0.0009,0.0132
13.11.2023 08:11:10.921 GMT-0800,175.727,175.303,0.0132,0.0132
13.11.2023 08:11:11.012 GMT-0800,175.667,175.303,0.0009,0.0132
13.11.2023 08:11:23.017 GMT-0800,175.58700000000002,175.303,0.0009,0.0132
13.11.2023 08:11:36.359 GMT-0800,175.58700000000002,175.383,0.0132,0.0009
13.11.2023 08:11:36.410 GMT-0800,175.58700000000002,175.303,0.0132,0.0132
13.11.2023 08:11:40.186 GMT-0800,175.577,175.303,0.0009,0.009
13.11.2023 08:11:40.288 GMT-0800,175.577,175.243,0.0132,0.0132
13.11.2023 08:11:41.690 GMT-0800,175.58700000000002,175.243,0.0132,0.0132
13.11.2023 08:11:51.899 GMT-0800,175.597,175.243,0.0132,0.0132
13.11.2023 08:12:11.842 GMT-0800,175.537,175.243,0.0009,0.0132
13.11.2023 08:12:12.634 GMT-0800,175.537,175.233,0.0132,0.0132
13.11.2023 08:12:16.694 GMT-0800,175.597,175.233,0.0132,0.0132
13.11.2023 08:12:16.913 GMT-0800,175.537,175.233,0.0009,0.0132
13.11.2023 08:12:26.519 GMT-0800,175.597,175.233,0.0132,0.0132
13.11.2023 08:13:01.797 GMT-0800,175.537,175.233,0.0009,0.0132
13.11.2023 08:13:14.090 GMT-0800,175.597,175.233,0.0132,0.0132
13.11.2023 08:13:19.781 GMT-0800,175.537,175.233,0.0009,0.0132
13.11.2023 08:13:22.946 GMT-0800,175.597,175.233,0.0132,0.0132
13.11.2023 08:13:28.566 GMT-0800,175.437,175.233,0.0009,0.0132
13.11.2023 08:13:28.667 GMT-0800,175.537,175.233,0.0132,0.0132
13.11.2023 08:13:29.174 GMT-0800,175.547,175.233,0.0132,0.0132
13.11.2023 08:13:34.481 GMT-0800,175.417,175.233,0.0009,0.009
13.11.2023 08:13:34.533 GMT-0800,175.547,174.963,0.0132,0.0132
13.11.2023 08:13:40.105 GMT-0800,175.547,175.043,0.0132,0.0009
13.11.2023 08:13:40.520 GMT-0800,175.417,175.043,0.0009,0.0132
13.11.2023 08:13:44.951 GMT-0800,175.417,175.053,0.0132,0.0009
13.11.2023 08:13:45.052 GMT-0800,175.417,175.043,0.0132,0.0132
13.11.2023 08:13:50.497 GMT-0800,175.407,175.043,0.0009,0.0132
13.11.2023 08:13:50.882 GMT-0800,175.547,175.043,0.0132,0.0132
13.11.2023 08:13:54.732 GMT-0800,175.547,175.093,0.0132,0.0009
13.11.2023 08:13:54.834 GMT-0800,175.547,175.123,0.0132,0.0132
13.11.2023 08:13:59.938 GMT-0800,175.537,175.123,0.0009,0.0132
13.11.2023 08:14:00.039 GMT-0800,175.547,175.123,0.0132,0.0132
13.11.2023 08:14:02.204 GMT-0800,175.51700000000002,175.123,0.0009,0.0132
13.11.2023 08:14:10.708 GMT-0800,175.507,175.123,0.0009,0.0132
13.11.2023 08:14:10.894 GMT-0800,175.547,175.123,0.0132,0.0132
13.11.2023 08:14:17.178 GMT-0800,175.537,175.123,0.0009,0.0132
13.11.2023 08:14:17.350 GMT-0800,175.547,175.123,0.0132,0.0132
13.11.2023 08:14:24.802 GMT-0800,175.547,175.133,0.0132,0.0009
13.11.2023 08:14:24.903 GMT-0800,175.547,175.123,0.0132,0.0132
13.11.2023 08:14:27.257 GMT-0800,175.547,175.133,0.0132,0.0009
13.11.2023 08:14:27.358 GMT-0800,175.547,175.123,0.0132,0.0132
13.11.2023 08:14:28.332 GMT-0800,175.547,175.183,0.0132,0.0009
13.11.2023 08:14:31.910 GMT-0800,175.547,175.323,0.009,0.0009
13.11.2023 08:14:31.961 GMT-0800,175.857,175.333,0.0132,0.0132
13.11.2023 08:14:33.448 GMT-0800,175.857,175.423,0.0132,0.0009
13.11.2023 08:14:34.139 GMT-0800,175.77700000000002,175.423,0.0009,0.0132
13.11.2023 08:14:35.048 GMT-0800,175.857,175.423,0.0132,0.0132
13.11.2023 08:14:35.541 GMT-0800,175.717,175.423,0.0009,0.0132
13.11.2023 08:14:36.077 GMT-0800,175.857,175.423,0.0132,0.0132
13.11.2023 08:14:36.490 GMT-0800,175.847,175.423,0.0009,0.0132
13.11.2023 08:14:36.541 GMT-0800,175.857,175.423,0.0132,0.0132
13.11.2023 08:14:38.016 GMT-0800,175.717,175.423,0.0009,0.0132
13.11.2023 08:14:41.317 GMT-0800,175.667,175.423,0.0132,0.0132
13.11.2023 08:14:56.691 GMT-0800,175.857,175.423,0.0132,0.0132
13.11.2023 08:14:56.875 GMT-0800,175.667,175.423,0.0009,0.0132
13.11.2023 08:15:00.130 GMT-0800,175.857,175.423,0.0132,0.0132
13.11.2023 08:15:00.367 GMT-0800,175.667,175.423,0.0009,0.0132
13.11.2023 08:15:01.879 GMT-0800,175.667,175.513,0.009,0.0009
13.11.2023 08:15:01.930 GMT-0800,175.917,175.513,0.0132,0.0132
13.11.2023 08:15:02.949 GMT-0800,175.917,175.423,0.0132,0.0132
13.11.2023 08:15:03.644 GMT-0800,175.907,175.423,0.0009,0.0132
13.11.2023 08:15:03.842 GMT-0800,175.917,175.423,0.0132,0.0132
13.11.2023 08:15:04.006 GMT-0800,175.83700000000002,175.423,0.0009,0.0132
13.11.2023 08:15:05.202 GMT-0800,175.83700000000002,175.503,0.0132,0.0009
13.11.2023 08:15:08.486 GMT-0800,175.83700000000002,175.513,0.0132,0.0009
13.11.2023 08:15:13.986 GMT-0800,175.70700000000002,175.513,0.0009,0.009
13.11.2023 08:15:14.037 GMT-0800,175.83700000000002,175.423,0.0132,0.0132
13.11.2023 08:15:16.283 GMT-0800,175.907,175.423,0.0132,0.0132
13.11.2023 08:15:29.121 GMT-0800,175.907,175.44299999999998,0.0132,0.0009
13.11.2023 08:15:34.156 GMT-0800,175.89700000000002,175.44299999999998,0.0009,0.0132
13.11.2023 08:15:34.257 GMT-0800,175.907,175.44299999999998,0.0132,0.0132
13.11.2023 08:15:38.243 GMT-0800,175.89700000000002,175.44299999999998,0.0009,0.0132
13.11.2023 08:15:38.344 GMT-0800,175.907,175.44299999999998,0.0132,0.0132
13.11.2023 08:15:39.323 GMT-0800,175.89700000000002,175.44299999999998,0.0009,0.0132
13.11.2023 08:15:39.546 GMT-0800,175.907,175.44299999999998,0.0132,0.0132
13.11.2023 08:15:40.039 GMT-0800,175.89700000000002,175.44299999999998,0.0009,0.0132
13.11.2023 08:15:40.090 GMT-0800,175.907,175.44299999999998,0.0132,0.0132
13.11.2023 08:15:40.570 GMT-0800,175.907,175.47299999999998,0.0132,0.0009
13.11.2023 08:15:42.596 GMT-0800,175.907,175.503,0.0132,0.0009
13.11.2023 08:15:42.708 GMT-0800,175.89700000000002,175.503,0.0009,0.0132
13.11.2023 08:15:42.860 GMT-0800,175.907,175.503,0.0132,0.0132
13.11.2023 08:15:47.697 GMT-0800,175.77700000000002,175.503,0.0009,0.0132
13.11.2023 08:15:51.546 GMT-0800,175.667,175.503,0.0009,0.009
13.11.2023 08:15:51.597 GMT-0800,175.77700000000002,175.503,0.009,0.009
13.11.2023 08:15:51.735 GMT-0800,175.787,175.44299999999998,0.0132,0.0132
13.11.2023 08:16:02.423 GMT-0800,175.717,175.44299999999998,0.0009,0.0132
13.11.2023 08:16:06.180 GMT-0800,175.607,175.44299999999998,0.0009,0.009
13.11.2023 08:16:06.230 GMT-0800,175.717,175.383,0.0132,0.0132
13.11.2023 08:16:06.879 GMT-0800,175.70700000000002,175.383,0.0009,0.0132
13.11.2023 08:16:06.929 GMT-0800,175.787,175.383,0.0132,0.0132
13.11.2023 08:16:07.549 GMT-0800,175.577,175.383,0.0009,0.0132
13.11.2023 08:16:08.312 GMT-0800,175.787,175.383,0.0132,0.0132
13.11.2023 08:16:08.723 GMT-0800,175.787,175.323,0.0132,0.0132
13.11.2023 08:16:09.380 GMT-0800,175.577,175.323,0.0009,0.0132
13.11.2023 08:16:13.674 GMT-0800,175.787,175.323,0.0132,0.0132
13.11.2023 08:16:17.051 GMT-0800,175.77700000000002,175.323,0.0009,0.0132
13.11.2023 08:16:17.103 GMT-0800,175.787,175.323,0.0132,0.0132
13.11.2023 08:16:17.308 GMT-0800,175.77700000000002,175.323,0.0009,0.0132
13.11.2023 08:16:17.359 GMT-0800,175.787,175.323,0.0132,0.0132
13.11.2023 08:16:18.044 GMT-0800,175.77700000000002,175.323,0.0009,0.0132
13.11.2023 08:16:18.132 GMT-0800,175.787,175.323,0.0132,0.0132
13.11.2023 08:16:20.278 GMT-0800,175.77700000000002,175.323,0.0009,0.0132
13.11.2023 08:16:20.490 GMT-0800,175.787,175.323,0.0132,0.0132
13.11.2023 08:16:22.744 GMT-0800,175.77700000000002,175.323,0.0009,0.0132
13.11.2023 08:16:22.845 GMT-0800,175.787,175.323,0.0132,0.0132
13.11.2023 08:16:24.172 GMT-0800,175.77700000000002,175.323,0.0009,0.0132
13.11.2023 08:16:24.388 GMT-0800,175.787,175.323,0.0132,0.0132
