Local time,Ask,Bid,AskVolume,BidVolume
13.11.2023 06:30:02.763 GMT-0800,45.473000000000006,45.047,0.0009,0.12
13.11.2023 06:30:02.942 GMT-0800,45.474,45.056000000000004,0.0009,0.0009
13.11.2023 06:30:02.993 GMT-0800,45.474,45.04600000000001,0.0009,0.12
13.11.2023 06:30:03.112 GMT-0800,45.474,45.226000000000006,0.0009,0.0009
13.11.2023 06:30:04.452 GMT-0800,45.473000000000006,45.237,0.12,0.0009
13.11.2023 06:30:04.923 GMT-0800,45.473000000000006,45.227,0.12,0.12
13.11.2023 06:30:05.643 GMT-0800,45.473000000000006,45.237,0.12,0.0009
13.11.2023 06:30:05.693 GMT-0800,45.474,45.226000000000006,0.12,0.12
13.11.2023 06:30:05.927 GMT-0800,45.653000000000006,45.227,0.12,0.12
13.11.2023 06:30:06.179 GMT-0800,45.423,45.227,0.0009,0.12
13.11.2023 06:30:06.739 GMT-0800,45.424,45.056000000000004,0.12,0.12
13.11.2023 06:30:06.923 GMT-0800,45.423,45.047,0.12,0.12
13.11.2023 06:30:08.529 GMT-0800,45.424,45.056000000000004,0.12,0.0009
13.11.2023 06:30:09.670 GMT-0800,45.423,45.097,0.12,0.12
13.11.2023 06:30:12.623 GMT-0800,45.423,45.107,0.12,0.0009
13.11.2023 06:30:12.724 GMT-0800,45.424,45.096000000000004,0.12,0.12
13.11.2023 06:30:13.772 GMT-0800,45.423,45.107,0.12,0.0009
13.11.2023 06:30:13.924 GMT-0800,45.424,45.096000000000004,0.12,0.12
13.11.2023 06:30:15.870 GMT-0800,45.423,45.137,0.12,0.0009
13.11.2023 06:30:17.016 GMT-0800,45.423,45.097,0.12,0.12
13.11.2023 06:30:17.355 GMT-0800,45.663000000000004,45.227,0.12,0.12
13.11.2023 06:30:17.562 GMT-0800,45.423,45.227,0.0009,0.12
13.11.2023 06:30:20.157 GMT-0800,45.423,45.266999999999996,0.12,0.0009
13.11.2023 06:30:20.258 GMT-0800,45.423,45.277,0.12,0.12
13.11.2023 06:30:27.797 GMT-0800,45.438,45.386,0.09,0.0009
13.11.2023 06:30:27.848 GMT-0800,45.663000000000004,45.277,0.12,0.12
13.11.2023 06:30:27.898 GMT-0800,45.663999999999994,45.306000000000004,0.12,0.12
13.11.2023 06:30:28.848 GMT-0800,45.663000000000004,45.277,0.12,0.12
13.11.2023 06:30:40.456 GMT-0800,45.663999999999994,45.286,0.12,0.0009
13.11.2023 06:30:40.687 GMT-0800,45.663000000000004,45.277,0.12,0.12
13.11.2023 06:30:42.578 GMT-0800,45.663000000000004,45.287,0.12,0.0009
13.11.2023 06:30:42.783 GMT-0800,45.663999999999994,45.276,0.12,0.12
13.11.2023 06:30:48.071 GMT-0800,45.663999999999994,45.286,0.12,0.0009
13.11.2023 06:30:48.294 GMT-0800,45.663000000000004,45.277,0.12,0.12
13.11.2023 06:30:54.310 GMT-0800,45.663000000000004,45.287,0.12,0.0009
13.11.2023 06:30:54.523 GMT-0800,45.663000000000004,45.277,0.12,0.12
13.11.2023 06:31:04.060 GMT-0800,45.663999999999994,45.286,0.12,0.0009
13.11.2023 06:31:04.255 GMT-0800,45.663000000000004,45.277,0.12,0.12
13.11.2023 06:31:08.512 GMT-0800,45.474,45.286,0.0009,0.0009
13.11.2023 06:31:08.613 GMT-0800,45.464,45.276,0.12,0.12
13.11.2023 06:31:08.721 GMT-0800,45.443000000000005,45.277,0.12,0.12
13.11.2023 06:31:09.762 GMT-0800,45.613,45.277,0.12,0.12
13.11.2023 06:31:12.077 GMT-0800,45.614,45.286,0.12,0.0009
13.11.2023 06:31:12.228 GMT-0800,45.614,45.276,0.12,0.12
13.11.2023 06:31:24.607 GMT-0800,45.614,45.336000000000006,0.09,0.0009
13.11.2023 06:31:24.658 GMT-0800,45.644,45.336000000000006,0.12,0.12
13.11.2023 06:31:25.313 GMT-0800,45.663000000000004,45.336999999999996,0.12,0.12
13.11.2023 06:31:25.407 GMT-0800,45.653999999999996,45.336000000000006,0.0009,0.12
13.11.2023 06:31:27.775 GMT-0800,45.523,45.336999999999996,0.0009,0.12
13.11.2023 06:32:38.483 GMT-0800,45.614,45.336000000000006,0.12,0.12
13.11.2023 06:32:39.988 GMT-0800,45.443999999999996,45.336000000000006,0.0009,0.12
13.11.2023 06:32:40.983 GMT-0800,45.603,45.336999999999996,0.12,0.12
13.11.2023 06:32:42.323 GMT-0800,45.425000000000004,45.336999999999996,0.0009,0.12
13.11.2023 06:32:43.670 GMT-0800,45.603,45.336999999999996,0.12,0.12
13.11.2023 06:32:54.465 GMT-0800,45.603,45.347,0.12,0.0009
13.11.2023 06:33:02.176 GMT-0800,45.663000000000004,45.347,0.12,0.12
13.11.2023 06:33:02.234 GMT-0800,45.583999999999996,45.346000000000004,0.0009,0.12
13.11.2023 06:33:04.052 GMT-0800,45.464,45.346000000000004,0.0009,0.09
13.11.2023 06:33:04.154 GMT-0800,45.543,45.307,0.12,0.12
13.11.2023 06:33:04.334 GMT-0800,45.533,45.307,0.0009,0.12
13.11.2023 06:33:04.436 GMT-0800,45.454,45.306000000000004,0.12,0.12
13.11.2023 06:33:05.129 GMT-0800,45.373000000000005,45.307,0.0009,0.12
13.11.2023 06:33:10.101 GMT-0800,45.343999999999994,45.306000000000004,0.0009,0.12
13.11.2023 06:33:21.261 GMT-0800,45.333999999999996,45.306000000000004,0.0009,0.09
13.11.2023 06:33:21.311 GMT-0800,45.343999999999994,45.306000000000004,0.12,0.09
13.11.2023 06:33:21.448 GMT-0800,45.343,45.277,0.12,0.12
13.11.2023 06:33:23.032 GMT-0800,45.343999999999994,45.286,0.12,0.0009
13.11.2023 06:33:23.233 GMT-0800,45.343999999999994,45.29600000000001,0.12,0.0009
13.11.2023 06:33:23.503 GMT-0800,45.343999999999994,45.276,0.12,0.12
13.11.2023 06:33:25.999 GMT-0800,45.343999999999994,45.29600000000001,0.12,0.0009
13.11.2023 06:33:36.010 GMT-0800,45.333999999999996,45.29600000000001,0.0009,0.09
13.11.2023 06:33:36.061 GMT-0800,45.333000000000006,45.277,0.12,0.12
13.11.2023 06:33:36.465 GMT-0800,45.343,45.277,0.12,0.12
13.11.2023 06:33:37.173 GMT-0800,45.343,45.257,0.12,0.12
13.11.2023 06:33:37.223 GMT-0800,45.343,45.277,0.12,0.0009
13.11.2023 06:33:37.607 GMT-0800,45.343,45.257,0.12,0.12
13.11.2023 06:33:38.524 GMT-0800,45.343,45.266999999999996,0.12,0.0009
13.11.2023 06:33:40.588 GMT-0800,45.373000000000005,45.257,0.12,0.12
13.11.2023 06:33:40.913 GMT-0800,45.373000000000005,45.266999999999996,0.12,0.0009
13.11.2023 06:33:41.352 GMT-0800,45.373999999999995,45.25600000000001,0.12,0.12
13.11.2023 06:34:00.943 GMT-0800,45.353,45.257,0.0009,0.12
13.11.2023 06:34:00.994 GMT-0800,45.373000000000005,45.257,0.12,0.12
13.11.2023 06:34:06.831 GMT-0800,45.324,45.25,0.0009,0.09
13.11.2023 06:34:06.945 GMT-0800,45.303000000000004,45.177,0.12,0.12
13.11.2023 06:34:07.894 GMT-0800,45.373000000000005,45.047,0.12,0.12
13.11.2023 06:34:08.997 GMT-0800,45.373000000000005,45.057,0.12,0.0009
13.11.2023 06:34:09.047 GMT-0800,45.373999999999995,45.04600000000001,0.12,0.12
13.11.2023 06:34:09.501 GMT-0800,45.324,45.04600000000001,0.0009,0.12
13.11.2023 06:34:11.693 GMT-0800,45.273,45.047,0.0009,0.12
13.11.2023 06:34:15.367 GMT-0800,45.273,45.147,0.12,0.0009
13.11.2023 06:34:15.686 GMT-0800,45.273999999999994,45.18600000000001,0.12,0.0009
13.11.2023 06:34:16.928 GMT-0800,45.273999999999994,45.236000000000004,0.09,0.0009
13.11.2023 06:34:16.979 GMT-0800,45.273999999999994,45.216,0.09,0.0009
13.11.2023 06:34:17.069 GMT-0800,45.324,45.216,0.12,0.12
13.11.2023 06:34:17.339 GMT-0800,45.323,45.237,0.12,0.0009
13.11.2023 06:34:17.541 GMT-0800,45.324,45.25600000000001,0.12,0.0009
13.11.2023 06:34:17.895 GMT-0800,45.324,45.266000000000005,0.12,0.0009
13.11.2023 06:34:19.826 GMT-0800,45.323,45.217,0.12,0.12
13.11.2023 06:34:24.904 GMT-0800,45.33,45.317,0.09,0.0009
13.11.2023 06:34:24.955 GMT-0800,45.463,45.327,0.12,0.12
13.11.2023 06:34:30.296 GMT-0800,45.403999999999996,45.32600000000001,0.0009,0.12
13.11.2023 06:34:30.398 GMT-0800,45.384,45.32600000000001,0.12,0.12
13.11.2023 06:34:31.359 GMT-0800,45.403999999999996,45.32600000000001,0.12,0.12
13.11.2023 06:34:48.683 GMT-0800,45.373999999999995,45.32600000000001,0.0009,0.12
13.11.2023 06:34:49.823 GMT-0800,45.403999999999996,45.32600000000001,0.12,0.12
13.11.2023 06:34:51.866 GMT-0800,45.373000000000005,45.327,0.0009,0.12
13.11.2023 06:34:53.474 GMT-0800,45.403000000000006,45.327,0.12,0.12
13.11.2023 06:35:00.607 GMT-0800,45.384,45.32600000000001,0.0009,0.12
13.11.2023 06:35:00.708 GMT-0800,45.403000000000006,45.327,0.12,0.12
13.11.2023 06:35:01.078 GMT-0800,45.463,45.327,0.12,0.12
13.11.2023 06:35:02.605 GMT-0800,45.394,45.32600000000001,0.0009,0.09
13.11.2023 06:35:02.656 GMT-0800,45.364,45.14600000000001,0.12,0.12
13.11.2023 06:35:02.707 GMT-0800,45.364,45.136,0.12,0.12
13.11.2023 06:35:03.391 GMT-0800,45.364,45.14600000000001,0.12,0.0009
13.11.2023 06:35:03.666 GMT-0800,45.463,45.137,0.12,0.12
13.11.2023 06:35:04.642 GMT-0800,45.464,45.32600000000001,0.12,0.0009
13.11.2023 06:35:04.693 GMT-0800,45.463,45.137,0.12,0.09
13.11.2023 06:35:04.744 GMT-0800,45.463,45.147,0.12,0.0009
13.11.2023 06:35:05.341 GMT-0800,45.403999999999996,45.14600000000001,0.0009,0.12
13.11.2023 06:35:06.495 GMT-0800,45.464,45.14600000000001,0.12,0.12
13.11.2023 06:35:08.477 GMT-0800,45.453,45.147,0.0009,0.12
13.11.2023 06:35:08.578 GMT-0800,45.384,45.14600000000001,0.0009,0.12
13.11.2023 06:35:08.938 GMT-0800,45.364,45.29600000000001,0.0009,0.0009
13.11.2023 06:35:08.989 GMT-0800,45.373000000000005,45.297,0.12,0.12
13.11.2023 06:35:12.024 GMT-0800,45.354,45.29600000000001,0.0009,0.12
13.11.2023 06:35:12.175 GMT-0800,45.353,45.057,0.12,0.12
13.11.2023 06:35:12.226 GMT-0800,45.354,45.106,0.12,0.0009
13.11.2023 06:35:12.703 GMT-0800,45.343,45.107,0.0009,0.12
13.11.2023 06:35:12.805 GMT-0800,45.333000000000006,45.227,0.12,0.12
13.11.2023 06:35:13.784 GMT-0800,45.333999999999996,45.106,0.12,0.12
13.11.2023 06:35:16.137 GMT-0800,45.354,45.11600000000001,0.12,0.12
13.11.2023 06:35:16.188 GMT-0800,45.354,45.136,0.12,0.12
13.11.2023 06:35:16.582 GMT-0800,45.354,45.285000000000004,0.12,0.0009
13.11.2023 06:35:17.722 GMT-0800,45.353,45.157,0.12,0.12
13.11.2023 06:35:21.075 GMT-0800,45.354,45.25600000000001,0.09,0.0009
13.11.2023 06:35:22.030 GMT-0800,45.413000000000004,45.347,0.09,0.12
13.11.2023 06:35:22.081 GMT-0800,45.463,45.347,0.12,0.12
13.11.2023 06:35:22.407 GMT-0800,45.464,45.176,0.12,0.12
13.11.2023 06:35:23.572 GMT-0800,45.363,45.177,0.0009,0.12
13.11.2023 06:35:23.715 GMT-0800,45.354,45.176,0.0009,0.09
13.11.2023 06:35:23.766 GMT-0800,45.354,45.166000000000004,0.12,0.12
13.11.2023 06:35:25.833 GMT-0800,45.354,45.176,0.12,0.0009
13.11.2023 06:35:25.934 GMT-0800,45.354,45.166000000000004,0.12,0.12
13.11.2023 06:35:28.789 GMT-0800,45.353,45.196999999999996,0.09,0.0009
13.11.2023 06:35:28.840 GMT-0800,45.364,45.196000000000005,0.12,0.12
13.11.2023 06:35:28.895 GMT-0800,45.363,45.237,0.12,0.0009
13.11.2023 06:35:29.816 GMT-0800,45.364,45.266000000000005,0.12,0.12
13.11.2023 06:35:34.996 GMT-0800,45.363,45.237,0.12,0.12
13.11.2023 06:35:41.287 GMT-0800,45.313,45.237,0.0009,0.12
13.11.2023 06:35:41.388 GMT-0800,45.364,45.286,0.12,0.12
13.11.2023 06:35:42.933 GMT-0800,45.333000000000006,45.287,0.0009,0.09
13.11.2023 06:35:42.984 GMT-0800,45.364,45.286,0.12,0.09
13.11.2023 06:35:43.035 GMT-0800,45.364,45.246,0.12,0.12
13.11.2023 06:35:46.361 GMT-0800,45.363,45.167,0.12,0.12
13.11.2023 06:35:53.038 GMT-0800,45.363,45.177,0.12,0.0009
13.11.2023 06:35:53.237 GMT-0800,45.364,45.166000000000004,0.12,0.12
13.11.2023 06:35:53.354 GMT-0800,45.273,45.167,0.0009,0.12
13.11.2023 06:35:54.187 GMT-0800,45.273,45.177,0.12,0.0009
13.11.2023 06:35:54.378 GMT-0800,45.273999999999994,45.166000000000004,0.12,0.12
13.11.2023 06:35:55.641 GMT-0800,45.273999999999994,45.216,0.12,0.0009
13.11.2023 06:35:56.015 GMT-0800,45.273,45.227,0.12,0.0009
13.11.2023 06:35:56.066 GMT-0800,45.273,45.217,0.12,0.09
13.11.2023 06:35:56.119 GMT-0800,45.273999999999994,45.176,0.12,0.12
13.11.2023 06:35:56.292 GMT-0800,45.273999999999994,45.166000000000004,0.12,0.12
13.11.2023 06:36:01.560 GMT-0800,45.273999999999994,45.216,0.09,0.0009
13.11.2023 06:36:01.610 GMT-0800,45.273999999999994,45.176,0.09,0.0009
13.11.2023 06:36:01.882 GMT-0800,45.364,45.176,0.12,0.12
13.11.2023 06:36:02.390 GMT-0800,45.364,45.18600000000001,0.12,0.0009
13.11.2023 06:36:02.566 GMT-0800,45.363,45.177,0.12,0.12
13.11.2023 06:36:03.367 GMT-0800,45.364,45.276,0.12,0.0009
13.11.2023 06:36:03.518 GMT-0800,45.364,45.176,0.12,0.12
13.11.2023 06:36:04.318 GMT-0800,45.363,45.266999999999996,0.12,0.0009
13.11.2023 06:36:05.335 GMT-0800,45.364,45.176,0.12,0.12
13.11.2023 06:36:08.147 GMT-0800,45.303000000000004,45.177,0.0009,0.12
13.11.2023 06:36:08.198 GMT-0800,45.363,45.187,0.12,0.09
13.11.2023 06:36:08.249 GMT-0800,45.363,45.177,0.12,0.12
13.11.2023 06:36:09.129 GMT-0800,45.364,45.18600000000001,0.12,0.0009
13.11.2023 06:36:09.180 GMT-0800,45.364,45.176,0.12,0.12
13.11.2023 06:36:09.561 GMT-0800,45.364,45.216,0.12,0.0009
13.11.2023 06:36:11.928 GMT-0800,45.364,45.176,0.12,0.12
13.11.2023 06:36:16.850 GMT-0800,45.333999999999996,45.176,0.0009,0.12
13.11.2023 06:36:17.765 GMT-0800,45.363,45.177,0.12,0.12
13.11.2023 06:36:18.126 GMT-0800,45.363,45.187,0.12,0.0009
13.11.2023 06:36:18.227 GMT-0800,45.363,45.177,0.12,0.12
13.11.2023 06:36:19.011 GMT-0800,45.314,45.18600000000001,0.0009,0.0009
13.11.2023 06:36:19.062 GMT-0800,45.314,45.176,0.12,0.12
13.11.2023 06:36:22.025 GMT-0800,45.313,45.237,0.12,0.0009
13.11.2023 06:36:24.341 GMT-0800,45.293,45.237,0.0009,0.12
13.11.2023 06:36:31.452 GMT-0800,45.293,45.257,0.09,0.0009
13.11.2023 06:36:31.571 GMT-0800,45.313,45.266999999999996,0.12,0.12
13.11.2023 06:36:31.633 GMT-0800,45.313,45.257,0.12,0.12
13.11.2023 06:36:32.406 GMT-0800,45.313,45.237,0.12,0.12
13.11.2023 06:36:36.945 GMT-0800,45.294,45.236000000000004,0.0009,0.12
13.11.2023 06:36:45.639 GMT-0800,45.453,45.237,0.12,0.12
13.11.2023 06:36:46.650 GMT-0800,45.433,45.237,0.0009,0.12
13.11.2023 06:36:48.101 GMT-0800,45.453,45.237,0.0009,0.12
13.11.2023 06:36:48.286 GMT-0800,45.308,45.236000000000004,0.0009,0.12
13.11.2023 06:36:51.769 GMT-0800,45.303000000000004,45.266999999999996,0.12,0.0009
13.11.2023 06:36:56.820 GMT-0800,45.303999999999995,45.176,0.12,0.12
13.11.2023 06:37:08.940 GMT-0800,45.303999999999995,45.196000000000005,0.12,0.0009
13.11.2023 06:37:11.745 GMT-0800,45.303000000000004,45.266999999999996,0.12,0.0009
13.11.2023 06:37:12.860 GMT-0800,45.303000000000004,45.196999999999996,0.12,0.12
13.11.2023 06:37:13.118 GMT-0800,45.303000000000004,45.207,0.12,0.0009
13.11.2023 06:37:13.219 GMT-0800,45.303999999999995,45.196000000000005,0.12,0.12
13.11.2023 06:37:15.076 GMT-0800,45.293,45.196999999999996,0.0009,0.12
13.11.2023 06:37:16.100 GMT-0800,45.303000000000004,45.196999999999996,0.12,0.12
13.11.2023 06:37:21.923 GMT-0800,45.253,45.196999999999996,0.0009,0.12
13.11.2023 06:37:22.942 GMT-0800,45.303999999999995,45.196000000000005,0.12,0.12
13.11.2023 06:37:25.121 GMT-0800,45.303000000000004,45.177,0.12,0.12
13.11.2023 06:37:25.834 GMT-0800,45.263000000000005,45.177,0.0009,0.12
13.11.2023 06:37:30.251 GMT-0800,45.403999999999996,45.176,0.12,0.12
13.11.2023 06:37:31.520 GMT-0800,45.464,45.196000000000005,0.12,0.12
13.11.2023 06:37:31.571 GMT-0800,45.434,45.196000000000005,0.12,0.12
13.11.2023 06:37:32.620 GMT-0800,45.434,45.176,0.12,0.12
13.11.2023 06:37:37.652 GMT-0800,45.433,45.196999999999996,0.12,0.0009
13.11.2023 06:37:37.703 GMT-0800,45.433,45.187,0.12,0.09
13.11.2023 06:37:43.867 GMT-0800,45.424,45.176,0.0009,0.12
13.11.2023 06:37:46.007 GMT-0800,45.423,45.217,0.12,0.0009
13.11.2023 06:37:46.108 GMT-0800,45.424,45.176,0.12,0.12
13.11.2023 06:37:46.821 GMT-0800,45.434,45.176,0.12,0.12
13.11.2023 06:37:55.519 GMT-0800,45.303999999999995,45.246,0.0009,0.0009
13.11.2023 06:37:55.569 GMT-0800,45.303999999999995,45.236000000000004,0.0009,0.0009
13.11.2023 06:37:55.774 GMT-0800,45.464,45.236000000000004,0.12,0.12
13.11.2023 06:37:57.360 GMT-0800,45.463,45.247,0.12,0.0009
13.11.2023 06:37:57.637 GMT-0800,45.463,45.287,0.12,0.0009
13.11.2023 06:37:57.689 GMT-0800,45.463,45.177,0.12,0.12
13.11.2023 06:38:05.108 GMT-0800,45.463,45.277,0.12,0.0009
13.11.2023 06:38:06.076 GMT-0800,45.464,45.176,0.12,0.12
13.11.2023 06:38:08.748 GMT-0800,45.464,45.18600000000001,0.12,0.0009
13.11.2023 06:38:08.904 GMT-0800,45.463,45.177,0.12,0.12
13.11.2023 06:38:11.486 GMT-0800,45.463,45.297,0.12,0.0009
13.11.2023 06:38:12.310 GMT-0800,45.464,45.176,0.12,0.12
13.11.2023 06:38:13.385 GMT-0800,45.353,45.177,0.0009,0.12
13.11.2023 06:38:13.525 GMT-0800,45.463,45.177,0.12,0.12
13.11.2023 06:38:15.013 GMT-0800,45.464,45.18600000000001,0.12,0.0009
13.11.2023 06:38:15.114 GMT-0800,45.464,45.176,0.12,0.12
13.11.2023 06:38:16.575 GMT-0800,45.333000000000006,45.177,0.0009,0.12
13.11.2023 06:38:16.833 GMT-0800,45.463,45.177,0.12,0.12
13.11.2023 06:38:24.439 GMT-0800,45.313,45.177,0.0009,0.12
13.11.2023 06:38:24.489 GMT-0800,45.464,45.25600000000001,0.12,0.0009
13.11.2023 06:38:25.635 GMT-0800,45.464,45.176,0.12,0.12
13.11.2023 06:38:33.650 GMT-0800,45.333999999999996,45.29600000000001,0.0009,0.0009
13.11.2023 06:38:33.700 GMT-0800,45.463,45.297,0.12,0.12
13.11.2023 06:38:40.884 GMT-0800,45.464,45.32600000000001,0.12,0.0009
13.11.2023 06:38:43.971 GMT-0800,45.463,45.336999999999996,0.12,0.09
13.11.2023 06:38:44.022 GMT-0800,45.464,45.32600000000001,0.12,0.12
13.11.2023 06:38:49.759 GMT-0800,45.464,45.306000000000004,0.12,0.09
13.11.2023 06:39:05.726 GMT-0800,45.463,45.347,0.12,0.0009
13.11.2023 06:39:05.828 GMT-0800,45.464,45.29600000000001,0.12,0.12
13.11.2023 06:39:06.617 GMT-0800,45.403999999999996,45.29600000000001,0.0009,0.12
13.11.2023 06:39:06.668 GMT-0800,45.463,45.297,0.12,0.12
13.11.2023 06:39:09.253 GMT-0800,45.464,45.336000000000006,0.12,0.12
13.11.2023 06:39:09.620 GMT-0800,45.464,45.29600000000001,0.12,0.12
13.11.2023 06:39:11.512 GMT-0800,45.463,45.307,0.12,0.0009
13.11.2023 06:39:12.929 GMT-0800,45.464,45.29600000000001,0.12,0.12
13.11.2023 06:39:14.243 GMT-0800,45.373000000000005,45.297,0.0009,0.12
13.11.2023 06:39:14.399 GMT-0800,45.463,45.297,0.12,0.12
13.11.2023 06:39:18.991 GMT-0800,45.373999999999995,45.306000000000004,0.0009,0.0009
13.11.2023 06:39:19.093 GMT-0800,45.463,45.307,0.12,0.12
13.11.2023 06:39:21.745 GMT-0800,45.355000000000004,45.307,0.0009,0.12
13.11.2023 06:39:21.796 GMT-0800,45.463,45.307,0.12,0.12
13.11.2023 06:39:26.615 GMT-0800,45.355000000000004,45.307,0.0009,0.12
13.11.2023 06:39:27.031 GMT-0800,45.333999999999996,45.29,0.0009,0.09
13.11.2023 06:39:27.083 GMT-0800,45.464,45.18600000000001,0.12,0.12
13.11.2023 06:39:27.184 GMT-0800,45.463,45.177,0.12,0.12
13.11.2023 06:39:29.746 GMT-0800,45.313,45.177,0.0009,0.12
13.11.2023 06:39:34.526 GMT-0800,45.314,45.276,0.09,0.0009
13.11.2023 06:39:34.577 GMT-0800,45.463,45.277,0.12,0.12
13.11.2023 06:39:35.548 GMT-0800,45.464,45.176,0.12,0.12
13.11.2023 06:39:37.095 GMT-0800,45.464,45.18600000000001,0.12,0.0009
13.11.2023 06:39:37.266 GMT-0800,45.464,45.176,0.12,0.12
13.11.2023 06:39:38.923 GMT-0800,45.463,45.287,0.12,0.0009
13.11.2023 06:39:41.622 GMT-0800,45.358000000000004,45.307,0.0009,0.12
13.11.2023 06:39:41.673 GMT-0800,45.463,45.307,0.12,0.12
13.11.2023 06:39:45.169 GMT-0800,45.364,45.306000000000004,0.0009,0.12
13.11.2023 06:39:47.632 GMT-0800,45.364,45.336000000000006,0.12,0.0009
13.11.2023 06:39:56.415 GMT-0800,45.364,45.346000000000004,0.09,0.0009
13.11.2023 06:39:56.466 GMT-0800,45.364,45.336000000000006,0.09,0.12
13.11.2023 06:39:56.517 GMT-0800,45.373999999999995,45.336000000000006,0.12,0.12
13.11.2023 06:39:56.771 GMT-0800,45.373999999999995,45.346000000000004,0.09,0.0009
13.11.2023 06:39:56.821 GMT-0800,45.394,45.346000000000004,0.12,0.12
13.11.2023 06:39:57.006 GMT-0800,45.464,45.336000000000006,0.12,0.12
13.11.2023 06:40:00.060 GMT-0800,45.434,45.336000000000006,0.0009,0.12
13.11.2023 06:40:00.161 GMT-0800,45.383,45.336999999999996,0.12,0.12
13.11.2023 06:40:02.481 GMT-0800,45.383,45.357,0.09,0.0009
13.11.2023 06:40:02.531 GMT-0800,45.384,45.336000000000006,0.09,0.12
13.11.2023 06:40:02.582 GMT-0800,45.434,45.336000000000006,0.12,0.12
13.11.2023 06:40:03.857 GMT-0800,45.433,45.347,0.12,0.0009
13.11.2023 06:40:04.892 GMT-0800,45.433,45.336999999999996,0.12,0.12
13.11.2023 06:40:05.446 GMT-0800,45.403000000000006,45.336999999999996,0.0009,0.12
13.11.2023 06:40:05.497 GMT-0800,45.434,45.336000000000006,0.12,0.12
13.11.2023 06:40:08.109 GMT-0800,45.464,45.336000000000006,0.12,0.12
13.11.2023 06:40:10.968 GMT-0800,45.463,45.367,0.12,0.0009
13.11.2023 06:40:12.052 GMT-0800,45.464,45.336000000000006,0.12,0.12
13.11.2023 06:40:15.779 GMT-0800,45.464,45.386,0.12,0.0009
13.11.2023 06:40:15.830 GMT-0800,45.464,45.336000000000006,0.12,0.12
13.11.2023 06:40:15.959 GMT-0800,45.464,45.386,0.12,0.0009
13.11.2023 06:40:16.987 GMT-0800,45.463,45.336999999999996,0.12,0.12
13.11.2023 06:40:18.116 GMT-0800,45.464,45.346000000000004,0.12,0.0009
13.11.2023 06:40:22.386 GMT-0800,45.463,45.387,0.12,0.0009
13.11.2023 06:40:22.519 GMT-0800,45.443000000000005,45.387,0.0009,0.12
13.11.2023 06:40:23.068 GMT-0800,45.434,45.386,0.0009,0.12
13.11.2023 06:40:23.219 GMT-0800,45.464,45.386,0.12,0.12
13.11.2023 06:40:23.391 GMT-0800,45.464,45.346000000000004,0.12,0.12
13.11.2023 06:40:26.452 GMT-0800,45.463,45.377,0.12,0.0009
13.11.2023 06:40:27.492 GMT-0800,45.463,45.357,0.12,0.12
13.11.2023 06:40:30.344 GMT-0800,45.464,45.36600000000001,0.12,0.0009
13.11.2023 06:40:30.446 GMT-0800,45.443999999999996,45.36600000000001,0.12,0.12
13.11.2023 06:40:30.666 GMT-0800,45.463,45.367,0.12,0.12
13.11.2023 06:40:31.069 GMT-0800,45.453,45.367,0.0009,0.12
13.11.2023 06:40:31.119 GMT-0800,45.463,45.367,0.12,0.12
13.11.2023 06:40:31.176 GMT-0800,45.464,45.386,0.12,0.0009
13.11.2023 06:40:37.347 GMT-0800,45.433,45.387,0.0009,0.12
13.11.2023 06:40:37.398 GMT-0800,45.463,45.387,0.12,0.12
13.11.2023 06:40:37.500 GMT-0800,45.413000000000004,45.387,0.0009,0.12
13.11.2023 06:40:38.636 GMT-0800,45.464,45.386,0.12,0.12
13.11.2023 06:40:39.556 GMT-0800,45.464,45.36600000000001,0.12,0.12
13.11.2023 06:40:40.350 GMT-0800,45.413000000000004,45.367,0.0009,0.12
13.11.2023 06:40:40.461 GMT-0800,45.413999999999994,45.306000000000004,0.12,0.12
13.11.2023 06:40:40.655 GMT-0800,45.413999999999994,45.356,0.12,0.0009
13.11.2023 06:40:41.506 GMT-0800,45.463,45.357,0.12,0.12
13.11.2023 06:40:41.690 GMT-0800,45.463,45.317,0.12,0.12
13.11.2023 06:40:45.314 GMT-0800,45.463,45.327,0.12,0.0009
13.11.2023 06:40:45.901 GMT-0800,45.463,45.336999999999996,0.12,0.0009
13.11.2023 06:40:47.134 GMT-0800,45.413999999999994,45.336000000000006,0.12,0.09
13.11.2023 06:40:47.185 GMT-0800,45.413999999999994,45.32600000000001,0.12,0.12
13.11.2023 06:40:49.128 GMT-0800,45.403999999999996,45.32600000000001,0.0009,0.12
13.11.2023 06:40:49.633 GMT-0800,45.403999999999996,45.316,0.12,0.12
13.11.2023 06:40:50.156 GMT-0800,45.403000000000006,45.327,0.09,0.0009
13.11.2023 06:40:50.243 GMT-0800,45.413999999999994,45.32600000000001,0.12,0.12
13.11.2023 06:40:55.215 GMT-0800,45.413999999999994,45.206,0.12,0.12
13.11.2023 06:40:56.764 GMT-0800,45.413000000000004,45.217,0.12,0.0009
13.11.2023 06:40:56.815 GMT-0800,45.463,45.217,0.12,0.09
13.11.2023 06:40:56.866 GMT-0800,45.463,45.207,0.12,0.12
13.11.2023 06:40:59.444 GMT-0800,45.463,45.217,0.12,0.0009
13.11.2023 06:40:59.664 GMT-0800,45.413000000000004,45.217,0.0009,0.09
13.11.2023 06:40:59.714 GMT-0800,45.464,45.206,0.12,0.12
13.11.2023 06:41:00.062 GMT-0800,45.403999999999996,45.206,0.0009,0.09
13.11.2023 06:41:00.163 GMT-0800,45.393,45.357,0.12,0.12
13.11.2023 06:41:00.404 GMT-0800,45.454,45.356,0.12,0.12
13.11.2023 06:41:00.495 GMT-0800,45.413999999999994,45.36600000000001,0.0009,0.0009
13.11.2023 06:41:00.789 GMT-0800,45.403999999999996,45.36600000000001,0.0009,0.12
13.11.2023 06:41:01.344 GMT-0800,45.393,45.367,0.0009,0.12
13.11.2023 06:41:02.281 GMT-0800,45.394,45.376000000000005,0.09,0.0009
13.11.2023 06:41:02.332 GMT-0800,45.403000000000006,45.377,0.12,0.12
13.11.2023 06:41:02.383 GMT-0800,45.393,45.377,0.0009,0.09
13.11.2023 06:41:02.502 GMT-0800,45.394,45.36600000000001,0.12,0.12
13.11.2023 06:41:02.577 GMT-0800,45.394,45.376000000000005,0.09,0.0009
13.11.2023 06:41:02.628 GMT-0800,45.403999999999996,45.376000000000005,0.12,0.12
13.11.2023 06:41:02.728 GMT-0800,45.393,45.377,0.0009,0.09
13.11.2023 06:41:02.778 GMT-0800,45.393,45.367,0.12,0.12
13.11.2023 06:41:04.081 GMT-0800,45.403000000000006,45.377,0.12,0.0009
13.11.2023 06:41:04.441 GMT-0800,45.403000000000006,45.387,0.12,0.0009
13.11.2023 06:41:04.492 GMT-0800,45.403000000000006,45.377,0.12,0.12
13.11.2023 06:41:05.414 GMT-0800,45.403999999999996,45.386,0.12,0.0009
13.11.2023 06:41:05.573 GMT-0800,45.413999999999994,45.386,0.12,0.12
13.11.2023 06:41:06.007 GMT-0800,45.403000000000006,45.387,0.0009,0.12
13.11.2023 06:41:06.058 GMT-0800,45.413000000000004,45.387,0.12,0.12
13.11.2023 06:41:07.643 GMT-0800,45.415,45.397,0.09,0.0009
13.11.2023 06:41:07.710 GMT-0800,45.463,45.397,0.12,0.12
13.11.2023 06:41:07.761 GMT-0800,45.423,45.397,0.12,0.12
13.11.2023 06:41:08.010 GMT-0800,45.413000000000004,45.397,0.0009,0.09
13.11.2023 06:41:08.061 GMT-0800,45.413999999999994,45.386,0.12,0.12
13.11.2023 06:41:08.252 GMT-0800,45.413000000000004,45.397,0.09,0.0009
13.11.2023 06:41:08.303 GMT-0800,45.434,45.39600000000001,0.12,0.12
13.11.2023 06:41:08.353 GMT-0800,45.434,45.406000000000006,0.12,0.12
13.11.2023 06:41:08.990 GMT-0800,45.424,45.406000000000006,0.0009,0.12
13.11.2023 06:41:09.091 GMT-0800,45.423,45.397,0.12,0.12
13.11.2023 06:41:09.447 GMT-0800,45.424,45.386,0.12,0.12
13.11.2023 06:41:09.853 GMT-0800,45.424,45.39600000000001,0.12,0.0009
13.11.2023 06:41:12.018 GMT-0800,45.413999999999994,45.39600000000001,0.0009,0.09
13.11.2023 06:41:12.185 GMT-0800,45.413999999999994,45.386,0.12,0.12
13.11.2023 06:41:12.294 GMT-0800,45.413000000000004,45.397,0.09,0.0009
13.11.2023 06:41:12.416 GMT-0800,45.424,45.39600000000001,0.12,0.12
13.11.2023 06:41:12.812 GMT-0800,45.423,45.407,0.09,0.0009
13.11.2023 06:41:13.009 GMT-0800,45.433,45.407,0.0009,0.12
13.11.2023 06:41:13.654 GMT-0800,45.433,45.397,0.12,0.12
13.11.2023 06:41:14.373 GMT-0800,45.423,45.397,0.0009,0.12
13.11.2023 06:41:14.801 GMT-0800,45.423,45.387,0.12,0.12
13.11.2023 06:41:18.940 GMT-0800,45.423,45.397,0.12,0.0009
13.11.2023 06:41:21.049 GMT-0800,45.413000000000004,45.397,0.0009,0.09
13.11.2023 06:41:21.099 GMT-0800,45.413999999999994,45.386,0.12,0.12
13.11.2023 06:41:23.716 GMT-0800,45.413999999999994,45.406000000000006,0.09,0.0009
13.11.2023 06:41:23.767 GMT-0800,45.434,45.406000000000006,0.12,0.12
13.11.2023 06:41:23.989 GMT-0800,45.423,45.407,0.0009,0.09
13.11.2023 06:41:24.040 GMT-0800,45.423,45.397,0.12,0.12
13.11.2023 06:41:24.366 GMT-0800,45.423,45.407,0.09,0.0009
13.11.2023 06:41:24.417 GMT-0800,45.434,45.406000000000006,0.12,0.12
13.11.2023 06:41:27.742 GMT-0800,45.434,45.416000000000004,0.09,0.0009
13.11.2023 06:41:27.793 GMT-0800,45.464,45.406000000000006,0.12,0.12
13.11.2023 06:41:27.850 GMT-0800,45.464,45.416000000000004,0.12,0.0009
13.11.2023 06:41:27.951 GMT-0800,45.454,45.426,0.12,0.12
13.11.2023 06:41:28.431 GMT-0800,45.443999999999996,45.426,0.0009,0.09
13.11.2023 06:41:28.481 GMT-0800,45.443000000000005,45.417,0.12,0.12
13.11.2023 06:41:29.904 GMT-0800,45.433,45.417,0.0009,0.09
13.11.2023 06:41:29.955 GMT-0800,45.434,45.406000000000006,0.12,0.12
13.11.2023 06:41:30.996 GMT-0800,45.443000000000005,45.407,0.12,0.12
13.11.2023 06:41:31.616 GMT-0800,45.434,45.406000000000006,0.0009,0.12
13.11.2023 06:41:35.140 GMT-0800,45.434,45.39600000000001,0.12,0.12
13.11.2023 06:41:35.270 GMT-0800,45.433,45.407,0.12,0.0009
13.11.2023 06:41:36.134 GMT-0800,45.433,45.397,0.12,0.12
13.11.2023 06:41:36.717 GMT-0800,45.433,45.407,0.12,0.0009
13.11.2023 06:41:37.306 GMT-0800,45.423,45.397,0.0009,0.12
13.11.2023 06:41:37.771 GMT-0800,45.434,45.39600000000001,0.12,0.12
13.11.2023 06:41:38.062 GMT-0800,45.433,45.407,0.12,0.0009
13.11.2023 06:41:41.949 GMT-0800,45.443000000000005,45.417,0.12,0.12
13.11.2023 06:41:45.789 GMT-0800,45.443000000000005,45.407,0.12,0.12
13.11.2023 06:41:46.237 GMT-0800,45.443999999999996,45.416000000000004,0.12,0.0009
13.11.2023 06:41:49.780 GMT-0800,45.443000000000005,45.407,0.12,0.12
13.11.2023 06:41:50.475 GMT-0800,45.443000000000005,45.417,0.12,0.0009
13.11.2023 06:41:50.576 GMT-0800,45.443999999999996,45.406000000000006,0.12,0.12
13.11.2023 06:41:58.520 GMT-0800,45.443000000000005,45.417,0.12,0.0009
13.11.2023 06:41:58.621 GMT-0800,45.433,45.407,0.12,0.12
13.11.2023 06:41:58.735 GMT-0800,45.443999999999996,45.406000000000006,0.12,0.12
13.11.2023 06:41:58.957 GMT-0800,45.433,45.407,0.0009,0.12
13.11.2023 06:42:00.628 GMT-0800,45.434,45.416000000000004,0.09,0.0009
13.11.2023 06:42:00.678 GMT-0800,45.443000000000005,45.417,0.12,0.12
13.11.2023 06:42:00.815 GMT-0800,45.443999999999996,45.406000000000006,0.12,0.12
13.11.2023 06:42:01.202 GMT-0800,45.443999999999996,45.416000000000004,0.12,0.0009
13.11.2023 06:42:02.310 GMT-0800,45.453,45.417,0.12,0.12
13.11.2023 06:42:02.824 GMT-0800,45.454,45.426,0.12,0.0009
13.11.2023 06:42:03.522 GMT-0800,45.464,45.426,0.12,0.12
13.11.2023 06:42:03.995 GMT-0800,45.464,45.43600000000001,0.12,0.0009
13.11.2023 06:42:04.046 GMT-0800,45.463,45.427,0.12,0.12
13.11.2023 06:42:04.096 GMT-0800,45.464,45.43600000000001,0.12,0.12
13.11.2023 06:42:04.367 GMT-0800,45.464,45.426,0.12,0.12
13.11.2023 06:42:05.541 GMT-0800,45.463,45.437,0.12,0.0009
13.11.2023 06:42:07.132 GMT-0800,45.453,45.437,0.0009,0.09
13.11.2023 06:42:07.183 GMT-0800,45.453,45.427,0.12,0.12
13.11.2023 06:42:10.599 GMT-0800,45.464,45.426,0.12,0.12
13.11.2023 06:42:10.762 GMT-0800,45.454,45.426,0.0009,0.12
13.11.2023 06:42:10.914 GMT-0800,45.463,45.427,0.12,0.12
13.11.2023 06:42:11.024 GMT-0800,45.464,45.43600000000001,0.12,0.0009
13.11.2023 06:42:11.783 GMT-0800,45.453,45.437,0.0009,0.09
13.11.2023 06:42:11.834 GMT-0800,45.454,45.426,0.12,0.12
13.11.2023 06:42:12.506 GMT-0800,45.454,45.43600000000001,0.09,0.0009
13.11.2023 06:42:12.565 GMT-0800,45.454,45.426,0.09,0.12
13.11.2023 06:42:12.616 GMT-0800,45.464,45.426,0.12,0.12
13.11.2023 06:42:13.142 GMT-0800,45.464,45.43600000000001,0.12,0.0009
13.11.2023 06:42:14.687 GMT-0800,45.463,45.446999999999996,0.12,0.0009
13.11.2023 06:42:14.738 GMT-0800,45.463,45.437,0.12,0.12
13.11.2023 06:42:19.775 GMT-0800,45.463,45.446999999999996,0.12,0.0009
13.11.2023 06:42:19.833 GMT-0800,45.464,45.43600000000001,0.12,0.12
13.11.2023 06:42:22.461 GMT-0800,45.454,45.43600000000001,0.0009,0.09
13.11.2023 06:42:22.516 GMT-0800,45.464,45.43600000000001,0.12,0.12
13.11.2023 06:42:24.526 GMT-0800,45.463,45.446999999999996,0.12,0.0009
13.11.2023 06:42:26.374 GMT-0800,45.453,45.446999999999996,0.0009,0.09
13.11.2023 06:42:26.489 GMT-0800,45.454,45.426,0.12,0.12
13.11.2023 06:42:29.078 GMT-0800,45.443999999999996,45.426,0.0009,0.12
13.11.2023 06:42:30.449 GMT-0800,45.443000000000005,45.417,0.12,0.12
13.11.2023 06:42:31.824 GMT-0800,45.443999999999996,45.426,0.09,0.0009
13.11.2023 06:42:31.939 GMT-0800,45.443999999999996,45.416000000000004,0.12,0.12
13.11.2023 06:42:35.251 GMT-0800,45.443999999999996,45.426,0.09,0.0009
13.11.2023 06:42:35.302 GMT-0800,45.454,45.426,0.12,0.12
13.11.2023 06:42:36.130 GMT-0800,45.454,45.416000000000004,0.12,0.12
13.11.2023 06:42:36.757 GMT-0800,45.443999999999996,45.416000000000004,0.0009,0.12
13.11.2023 06:42:36.859 GMT-0800,45.454,45.416000000000004,0.12,0.12
13.11.2023 06:42:37.748 GMT-0800,45.453,45.427,0.12,0.0009
13.11.2023 06:42:38.199 GMT-0800,45.454,45.416000000000004,0.12,0.12
13.11.2023 06:42:38.372 GMT-0800,45.443999999999996,45.416000000000004,0.0009,0.12
13.11.2023 06:42:38.473 GMT-0800,45.443000000000005,45.427,0.12,0.12
13.11.2023 06:42:38.651 GMT-0800,45.443999999999996,45.416000000000004,0.12,0.12
13.11.2023 06:42:39.145 GMT-0800,45.443999999999996,45.426,0.12,0.0009
13.11.2023 06:42:39.196 GMT-0800,45.443000000000005,45.417,0.12,0.12
13.11.2023 06:42:40.115 GMT-0800,45.443999999999996,45.406000000000006,0.12,0.12
13.11.2023 06:42:40.335 GMT-0800,45.424,45.406000000000006,0.0009,0.12
13.11.2023 06:42:40.386 GMT-0800,45.434,45.406000000000006,0.12,0.12
13.11.2023 06:42:40.437 GMT-0800,45.424,45.406000000000006,0.0009,0.12
13.11.2023 06:42:40.602 GMT-0800,45.413000000000004,45.407,0.0009,0.09
13.11.2023 06:42:40.704 GMT-0800,45.413000000000004,45.387,0.12,0.12
13.11.2023 06:42:43.563 GMT-0800,45.403999999999996,45.386,0.0009,0.09
13.11.2023 06:42:43.614 GMT-0800,45.413999999999994,45.226000000000006,0.12,0.12
13.11.2023 06:42:44.062 GMT-0800,45.413999999999994,45.386,0.12,0.0009
13.11.2023 06:42:46.780 GMT-0800,45.413000000000004,45.227,0.12,0.12
13.11.2023 06:42:46.831 GMT-0800,45.403000000000006,45.377,0.12,0.12
13.11.2023 06:42:48.017 GMT-0800,45.403000000000006,45.357,0.12,0.12
13.11.2023 06:42:48.316 GMT-0800,45.394,45.36600000000001,0.0009,0.0009
13.11.2023 06:42:48.656 GMT-0800,45.394,45.376000000000005,0.09,0.0009
13.11.2023 06:42:48.735 GMT-0800,45.403999999999996,45.376000000000005,0.12,0.12
13.11.2023 06:42:53.065 GMT-0800,45.403000000000006,45.397,0.09,0.0009
13.11.2023 06:42:53.165 GMT-0800,45.424,45.39600000000001,0.12,0.12
13.11.2023 06:42:57.172 GMT-0800,45.423,45.407,0.09,0.0009
13.11.2023 06:42:57.223 GMT-0800,45.443000000000005,45.407,0.12,0.12
13.11.2023 06:42:58.210 GMT-0800,45.443000000000005,45.417,0.12,0.0009
13.11.2023 06:42:58.415 GMT-0800,45.434,45.416000000000004,0.0009,0.09
13.11.2023 06:42:58.466 GMT-0800,45.434,45.406000000000006,0.09,0.12
13.11.2023 06:42:58.517 GMT-0800,45.443000000000005,45.407,0.12,0.12
13.11.2023 06:42:59.062 GMT-0800,45.433,45.407,0.0009,0.12
13.11.2023 06:43:00.614 GMT-0800,45.433,45.417,0.09,0.0009
13.11.2023 06:43:00.689 GMT-0800,45.443000000000005,45.417,0.12,0.12
13.11.2023 06:43:01.690 GMT-0800,45.434,45.416000000000004,0.0009,0.09
13.11.2023 06:43:01.740 GMT-0800,45.434,45.406000000000006,0.12,0.12
13.11.2023 06:43:01.958 GMT-0800,45.443000000000005,45.417,0.12,0.12
13.11.2023 06:43:02.225 GMT-0800,45.443000000000005,45.407,0.12,0.12
13.11.2023 06:43:02.640 GMT-0800,45.443000000000005,45.417,0.12,0.0009
13.11.2023 06:43:05.584 GMT-0800,45.443999999999996,45.426,0.12,0.0009
13.11.2023 06:43:06.337 GMT-0800,45.443999999999996,45.416000000000004,0.12,0.12
13.11.2023 06:43:06.936 GMT-0800,45.434,45.406000000000006,0.12,0.12
13.11.2023 06:43:07.079 GMT-0800,45.443000000000005,45.417,0.12,0.12
13.11.2023 06:43:09.023 GMT-0800,45.433,45.407,0.12,0.12
13.11.2023 06:43:11.107 GMT-0800,45.443000000000005,45.407,0.12,0.12
13.11.2023 06:43:12.128 GMT-0800,45.433,45.407,0.0009,0.12
13.11.2023 06:43:12.360 GMT-0800,45.434,45.416000000000004,0.12,0.0009
13.11.2023 06:43:12.410 GMT-0800,45.443999999999996,45.416000000000004,0.12,0.12
13.11.2023 06:43:13.976 GMT-0800,45.443000000000005,45.427,0.12,0.0009
13.11.2023 06:43:15.547 GMT-0800,45.443999999999996,45.416000000000004,0.12,0.12
13.11.2023 06:43:16.702 GMT-0800,45.443000000000005,45.437,0.09,0.0009
13.11.2023 06:43:16.752 GMT-0800,45.454,45.426,0.12,0.12
13.11.2023 06:43:17.330 GMT-0800,45.454,45.43600000000001,0.12,0.12
13.11.2023 06:43:19.610 GMT-0800,45.453,45.427,0.12,0.12
13.11.2023 06:43:19.661 GMT-0800,45.453,45.437,0.12,0.12
13.11.2023 06:43:19.881 GMT-0800,45.464,45.43600000000001,0.12,0.12
13.11.2023 06:43:21.451 GMT-0800,45.453,45.437,0.0009,0.09
13.11.2023 06:43:21.501 GMT-0800,45.453,45.427,0.12,0.12
13.11.2023 06:43:22.689 GMT-0800,45.443999999999996,45.426,0.0009,0.09
13.11.2023 06:43:22.748 GMT-0800,45.443000000000005,45.417,0.12,0.12
13.11.2023 06:43:23.482 GMT-0800,45.443000000000005,45.427,0.09,0.0009
13.11.2023 06:43:23.533 GMT-0800,45.453,45.427,0.12,0.12
13.11.2023 06:43:24.765 GMT-0800,45.454,45.43600000000001,0.09,0.0009
13.11.2023 06:43:24.888 GMT-0800,45.464,45.43600000000001,0.12,0.12
13.11.2023 06:43:25.038 GMT-0800,45.463,45.427,0.12,0.12
13.11.2023 06:43:25.443 GMT-0800,45.463,45.437,0.12,0.0009
13.11.2023 06:43:25.723 GMT-0800,45.463,45.427,0.12,0.12
13.11.2023 06:43:26.279 GMT-0800,45.464,45.43600000000001,0.12,0.0009
13.11.2023 06:43:26.330 GMT-0800,45.463,45.427,0.12,0.12
13.11.2023 06:43:27.303 GMT-0800,45.453,45.427,0.0009,0.12
13.11.2023 06:43:28.156 GMT-0800,45.453,45.437,0.12,0.0009
13.11.2023 06:43:34.456 GMT-0800,45.464,45.43600000000001,0.12,0.12
13.11.2023 06:43:35.494 GMT-0800,45.453,45.437,0.0009,0.12
13.11.2023 06:43:37.523 GMT-0800,45.443000000000005,45.437,0.0009,0.09
13.11.2023 06:43:37.573 GMT-0800,45.454,45.43600000000001,0.12,0.09
13.11.2023 06:43:37.624 GMT-0800,45.454,45.426,0.12,0.12
13.11.2023 06:43:38.359 GMT-0800,45.443000000000005,45.427,0.0009,0.09
13.11.2023 06:43:38.409 GMT-0800,45.453,45.427,0.12,0.12
13.11.2023 06:43:38.891 GMT-0800,45.454,45.416000000000004,0.12,0.12
13.11.2023 06:43:41.483 GMT-0800,45.454,45.426,0.12,0.0009
13.11.2023 06:43:42.000 GMT-0800,45.454,45.416000000000004,0.12,0.12
13.11.2023 06:43:42.059 GMT-0800,45.454,45.426,0.12,0.0009
13.11.2023 06:43:44.561 GMT-0800,45.443000000000005,45.427,0.09,0.0009
13.11.2023 06:43:44.614 GMT-0800,45.454,45.426,0.12,0.12
13.11.2023 06:43:47.022 GMT-0800,45.463,45.427,0.12,0.12
13.11.2023 06:43:47.073 GMT-0800,45.463,45.437,0.12,0.12
13.11.2023 06:43:47.985 GMT-0800,45.453,45.437,0.0009,0.09
13.11.2023 06:43:48.035 GMT-0800,45.454,45.426,0.12,0.12
13.11.2023 06:43:48.162 GMT-0800,45.464,45.426,0.12,0.12
13.11.2023 06:43:51.386 GMT-0800,45.464,45.43600000000001,0.12,0.0009
13.11.2023 06:44:00.031 GMT-0800,45.454,45.43600000000001,0.0009,0.09
13.11.2023 06:44:00.212 GMT-0800,45.453,45.427,0.12,0.12
13.11.2023 06:44:02.207 GMT-0800,45.443000000000005,45.427,0.0009,0.09
13.11.2023 06:44:02.257 GMT-0800,45.443000000000005,45.417,0.12,0.12
13.11.2023 06:44:04.155 GMT-0800,45.433,45.417,0.0009,0.12
13.11.2023 06:44:04.205 GMT-0800,45.434,45.406000000000006,0.12,0.12
13.11.2023 06:44:04.683 GMT-0800,45.424,45.402,0.0009,0.09
13.11.2023 06:44:04.753 GMT-0800,45.424,45.346000000000004,0.12,0.12
13.11.2023 06:44:06.257 GMT-0800,45.424,45.402,0.09,0.0009
13.11.2023 06:44:06.308 GMT-0800,45.433,45.407,0.12,0.12
13.11.2023 06:44:10.400 GMT-0800,45.433,45.417,0.12,0.0009
13.11.2023 06:44:10.450 GMT-0800,45.433,45.407,0.12,0.12
13.11.2023 06:44:12.010 GMT-0800,45.433,45.417,0.09,0.0009
13.11.2023 06:44:12.061 GMT-0800,45.443999999999996,45.416000000000004,0.12,0.12
13.11.2023 06:44:14.682 GMT-0800,45.433,45.417,0.0009,0.12
13.11.2023 06:44:14.783 GMT-0800,45.434,45.406000000000006,0.12,0.12
13.11.2023 06:44:15.857 GMT-0800,45.423,45.402,0.0009,0.09
13.11.2023 06:44:15.908 GMT-0800,45.424,45.39600000000001,0.12,0.0009
13.11.2023 06:44:17.260 GMT-0800,45.424,45.406000000000006,0.09,0.0009
13.11.2023 06:44:17.310 GMT-0800,45.433,45.407,0.12,0.12
13.11.2023 06:44:17.738 GMT-0800,45.423,45.397,0.12,0.12
13.11.2023 06:44:20.736 GMT-0800,45.413999999999994,45.39600000000001,0.0009,0.09
13.11.2023 06:44:20.786 GMT-0800,45.424,45.39600000000001,0.12,0.12
13.11.2023 06:44:24.397 GMT-0800,45.413999999999994,45.39600000000001,0.0009,0.09
13.11.2023 06:44:24.447 GMT-0800,45.413000000000004,45.387,0.12,0.12
13.11.2023 06:44:25.398 GMT-0800,45.413999999999994,45.39600000000001,0.09,0.0009
13.11.2023 06:44:25.452 GMT-0800,45.413999999999994,45.386,0.12,0.12
13.11.2023 06:44:25.737 GMT-0800,45.413999999999994,45.39600000000001,0.12,0.0009
13.11.2023 06:44:25.788 GMT-0800,45.413000000000004,45.387,0.12,0.12
13.11.2023 06:44:27.013 GMT-0800,45.413999999999994,45.39600000000001,0.12,0.0009
13.11.2023 06:44:27.318 GMT-0800,45.413000000000004,45.387,0.12,0.12
13.11.2023 06:44:27.381 GMT-0800,45.413000000000004,45.397,0.12,0.0009
13.11.2023 06:44:27.482 GMT-0800,45.413000000000004,45.387,0.12,0.12
13.11.2023 06:44:29.517 GMT-0800,45.403000000000006,45.387,0.0009,0.12
13.11.2023 06:44:29.618 GMT-0800,45.403999999999996,45.226000000000006,0.12,0.12
13.11.2023 06:44:30.949 GMT-0800,45.403000000000006,45.387,0.09,0.0009
13.11.2023 06:44:30.999 GMT-0800,45.413000000000004,45.387,0.12,0.12
13.11.2023 06:44:32.108 GMT-0800,45.413000000000004,45.397,0.12,0.0009
13.11.2023 06:44:37.349 GMT-0800,45.413999999999994,45.386,0.12,0.12
13.11.2023 06:44:40.160 GMT-0800,45.403000000000006,45.387,0.0009,0.09
13.11.2023 06:44:40.211 GMT-0800,45.403000000000006,45.377,0.12,0.12
13.11.2023 06:44:40.261 GMT-0800,45.393,45.367,0.12,0.12
13.11.2023 06:44:40.363 GMT-0800,45.383,45.357,0.12,0.12
13.11.2023 06:44:41.014 GMT-0800,45.383,45.237,0.12,0.12
13.11.2023 06:44:41.695 GMT-0800,45.373999999999995,45.29600000000001,0.0009,0.0009
13.11.2023 06:44:41.797 GMT-0800,45.373000000000005,45.287,0.12,0.12
13.11.2023 06:44:43.369 GMT-0800,45.373000000000005,45.336999999999996,0.12,0.0009
13.11.2023 06:44:44.991 GMT-0800,45.363,45.347,0.0009,0.12
13.11.2023 06:44:45.042 GMT-0800,45.373000000000005,45.347,0.12,0.12
13.11.2023 06:44:47.088 GMT-0800,45.373000000000005,45.336999999999996,0.12,0.12
13.11.2023 06:44:47.148 GMT-0800,45.363,45.336999999999996,0.0009,0.12
13.11.2023 06:44:48.378 GMT-0800,45.353,45.321999999999996,0.0009,0.09
13.11.2023 06:44:48.429 GMT-0800,45.353,45.237,0.12,0.12
13.11.2023 06:44:48.492 GMT-0800,45.353,45.317,0.12,0.0009
13.11.2023 06:44:48.694 GMT-0800,45.343,45.315,0.0009,0.09
13.11.2023 06:44:48.744 GMT-0800,45.343999999999994,45.236000000000004,0.12,0.12
13.11.2023 06:44:48.976 GMT-0800,45.343999999999994,45.31,0.12,0.0009
13.11.2023 06:44:49.110 GMT-0800,45.333999999999996,45.316,0.12,0.12
13.11.2023 06:44:49.234 GMT-0800,45.333000000000006,45.237,0.12,0.12
13.11.2023 06:44:49.284 GMT-0800,45.333999999999996,45.307,0.09,0.0009
13.11.2023 06:44:49.364 GMT-0800,45.343999999999994,45.316,0.12,0.12
13.11.2023 06:44:52.776 GMT-0800,45.354,45.316,0.12,0.12
13.11.2023 06:44:53.414 GMT-0800,45.343999999999994,45.316,0.0009,0.12
13.11.2023 06:44:54.475 GMT-0800,45.353,45.317,0.12,0.12
13.11.2023 06:44:55.847 GMT-0800,45.343999999999994,45.316,0.0009,0.12
13.11.2023 06:44:57.176 GMT-0800,45.343999999999994,45.32600000000001,0.09,0.0009
13.11.2023 06:44:57.227 GMT-0800,45.354,45.32600000000001,0.12,0.12
13.11.2023 06:45:00.395 GMT-0800,45.354,45.336000000000006,0.12,0.0009
13.11.2023 06:45:00.445 GMT-0800,45.353,45.327,0.12,0.12
13.11.2023 06:45:03.380 GMT-0800,45.354,45.336000000000006,0.12,0.0009
13.11.2023 06:45:04.173 GMT-0800,45.354,45.32600000000001,0.12,0.12
13.11.2023 06:45:04.549 GMT-0800,45.353,45.336999999999996,0.09,0.0009
13.11.2023 06:45:04.600 GMT-0800,45.384,45.356,0.12,0.12
13.11.2023 06:45:04.651 GMT-0800,45.384,45.36600000000001,0.12,0.0009
13.11.2023 06:45:04.701 GMT-0800,45.383,45.357,0.12,0.12
13.11.2023 06:45:04.976 GMT-0800,45.383,45.367,0.12,0.0009
13.11.2023 06:45:05.256 GMT-0800,45.534,45.36600000000001,0.12,0.12
13.11.2023 06:45:05.393 GMT-0800,45.42,45.376000000000005,0.0009,0.0009
13.11.2023 06:45:05.494 GMT-0800,45.418,45.367,0.0009,0.12
13.11.2023 06:45:05.546 GMT-0800,45.394,45.36600000000001,0.12,0.12
13.11.2023 06:45:06.775 GMT-0800,45.383,45.367,0.0009,0.12
13.11.2023 06:45:06.876 GMT-0800,45.384,45.356,0.12,0.12
13.11.2023 06:45:07.066 GMT-0800,45.384,45.36600000000001,0.12,0.0009
13.11.2023 06:45:07.237 GMT-0800,45.384,45.356,0.12,0.12
13.11.2023 06:45:07.419 GMT-0800,45.394,45.356,0.12,0.12
13.11.2023 06:45:09.466 GMT-0800,45.373999999999995,45.356,0.0009,0.12
13.11.2023 06:45:09.567 GMT-0800,45.383,45.357,0.12,0.12
13.11.2023 06:45:11.083 GMT-0800,45.373000000000005,45.357,0.0009,0.12
13.11.2023 06:45:11.821 GMT-0800,45.353,45.237,0.12,0.12
13.11.2023 06:45:12.001 GMT-0800,45.353,45.321999999999996,0.09,0.0009
13.11.2023 06:45:12.052 GMT-0800,45.364,45.336000000000006,0.12,0.12
13.11.2023 06:45:12.540 GMT-0800,45.353,45.321999999999996,0.0009,0.09
13.11.2023 06:45:12.591 GMT-0800,45.353,45.237,0.12,0.12
13.11.2023 06:45:12.764 GMT-0800,45.363,45.237,0.12,0.12
13.11.2023 06:45:13.115 GMT-0800,45.353,45.237,0.0009,0.12
13.11.2023 06:45:13.404 GMT-0800,45.353,45.321999999999996,0.09,0.0009
13.11.2023 06:45:13.455 GMT-0800,45.364,45.336000000000006,0.12,0.12
13.11.2023 06:45:13.622 GMT-0800,45.354,45.336000000000006,0.0009,0.12
13.11.2023 06:45:13.673 GMT-0800,45.353,45.237,0.12,0.12
13.11.2023 06:45:13.951 GMT-0800,45.354,45.321999999999996,0.09,0.0009
13.11.2023 06:45:14.001 GMT-0800,45.364,45.336000000000006,0.12,0.12
13.11.2023 06:45:14.158 GMT-0800,45.354,45.336000000000006,0.0009,0.12
13.11.2023 06:45:14.209 GMT-0800,45.363,45.336999999999996,0.12,0.12
13.11.2023 06:45:16.133 GMT-0800,45.364,45.346000000000004,0.09,0.0009
13.11.2023 06:45:16.184 GMT-0800,45.373000000000005,45.347,0.12,0.12
13.11.2023 06:45:18.217 GMT-0800,45.373999999999995,45.356,0.09,0.0009
13.11.2023 06:45:18.327 GMT-0800,45.384,45.356,0.12,0.12
13.11.2023 06:45:18.595 GMT-0800,45.373999999999995,45.356,0.0009,0.12
13.11.2023 06:45:18.864 GMT-0800,45.383,45.357,0.12,0.12
13.11.2023 06:45:19.246 GMT-0800,45.373999999999995,45.356,0.0009,0.09
13.11.2023 06:45:19.296 GMT-0800,45.383,45.357,0.12,0.09
13.11.2023 06:45:19.347 GMT-0800,45.383,45.347,0.12,0.12
13.11.2023 06:45:19.497 GMT-0800,45.384,45.356,0.12,0.0009
13.11.2023 06:45:23.220 GMT-0800,45.383,45.367,0.09,0.0009
13.11.2023 06:45:23.270 GMT-0800,45.394,45.36600000000001,0.12,0.12
13.11.2023 06:45:23.894 GMT-0800,45.384,45.36600000000001,0.0009,0.09
13.11.2023 06:45:23.945 GMT-0800,45.383,45.357,0.12,0.12
13.11.2023 06:45:26.235 GMT-0800,45.384,45.36600000000001,0.12,0.0009
13.11.2023 06:45:26.286 GMT-0800,45.384,45.356,0.12,0.12
13.11.2023 06:45:27.966 GMT-0800,45.383,45.367,0.12,0.0009
13.11.2023 06:45:28.017 GMT-0800,45.393,45.367,0.12,0.12
13.11.2023 06:45:30.246 GMT-0800,45.383,45.367,0.0009,0.09
13.11.2023 06:45:30.297 GMT-0800,45.384,45.356,0.12,0.12
13.11.2023 06:45:33.135 GMT-0800,45.384,45.36600000000001,0.09,0.0009
13.11.2023 06:45:33.186 GMT-0800,45.394,45.36600000000001,0.12,0.12
13.11.2023 06:45:33.262 GMT-0800,45.383,45.367,0.0009,0.09
13.11.2023 06:45:33.312 GMT-0800,45.383,45.357,0.12,0.12
13.11.2023 06:45:34.248 GMT-0800,45.384,45.36600000000001,0.12,0.0009
13.11.2023 06:45:34.298 GMT-0800,45.384,45.356,0.12,0.12
13.11.2023 06:45:34.544 GMT-0800,45.384,45.36600000000001,0.12,0.0009
13.11.2023 06:45:35.006 GMT-0800,45.383,45.357,0.12,0.12
13.11.2023 06:45:35.243 GMT-0800,45.383,45.367,0.09,0.0009
13.11.2023 06:45:35.294 GMT-0800,45.393,45.367,0.12,0.12
13.11.2023 06:45:35.407 GMT-0800,45.384,45.36600000000001,0.0009,0.09
13.11.2023 06:45:35.457 GMT-0800,45.383,45.357,0.12,0.12
13.11.2023 06:45:40.746 GMT-0800,45.373999999999995,45.356,0.0009,0.09
13.11.2023 06:45:40.915 GMT-0800,45.373999999999995,45.346000000000004,0.12,0.12
13.11.2023 06:45:42.126 GMT-0800,45.373999999999995,45.356,0.09,0.0009
13.11.2023 06:45:42.176 GMT-0800,45.383,45.357,0.12,0.12
13.11.2023 06:45:42.298 GMT-0800,45.373000000000005,45.357,0.0009,0.12
13.11.2023 06:45:42.399 GMT-0800,45.373999999999995,45.346000000000004,0.12,0.12
13.11.2023 06:45:43.243 GMT-0800,45.384,45.356,0.12,0.12
13.11.2023 06:45:43.779 GMT-0800,45.373000000000005,45.357,0.0009,0.12
13.11.2023 06:45:43.881 GMT-0800,45.373999999999995,45.346000000000004,0.12,0.12
13.11.2023 06:45:44.030 GMT-0800,45.384,45.346000000000004,0.12,0.12
13.11.2023 06:45:44.633 GMT-0800,45.384,45.356,0.12,0.0009
13.11.2023 06:45:45.645 GMT-0800,45.384,45.36600000000001,0.12,0.0009
13.11.2023 06:45:45.696 GMT-0800,45.383,45.357,0.12,0.12
13.11.2023 06:45:46.169 GMT-0800,45.383,45.367,0.12,0.0009
13.11.2023 06:45:47.216 GMT-0800,45.383,45.357,0.12,0.12
13.11.2023 06:45:48.089 GMT-0800,45.384,45.36600000000001,0.12,0.0009
13.11.2023 06:45:51.374 GMT-0800,45.383,45.357,0.12,0.12
13.11.2023 06:45:54.257 GMT-0800,45.384,45.36600000000001,0.09,0.0009
13.11.2023 06:45:54.308 GMT-0800,45.394,45.36600000000001,0.12,0.12
13.11.2023 06:45:55.119 GMT-0800,45.393,45.377,0.12,0.0009
13.11.2023 06:45:55.170 GMT-0800,45.533,45.377,0.12,0.12
13.11.2023 06:45:55.221 GMT-0800,45.393,45.367,0.12,0.12
13.11.2023 06:45:56.492 GMT-0800,45.384,45.36600000000001,0.0009,0.09
13.11.2023 06:45:56.543 GMT-0800,45.383,45.357,0.12,0.12
13.11.2023 06:45:56.828 GMT-0800,45.383,45.367,0.09,0.0009
13.11.2023 06:45:56.879 GMT-0800,45.394,45.36600000000001,0.12,0.12
13.11.2023 06:45:57.965 GMT-0800,45.383,45.367,0.0009,0.12
13.11.2023 06:45:58.305 GMT-0800,45.394,45.36600000000001,0.12,0.12
13.11.2023 06:46:00.680 GMT-0800,45.383,45.367,0.0009,0.12
13.11.2023 06:46:00.731 GMT-0800,45.393,45.367,0.12,0.12
13.11.2023 06:46:02.084 GMT-0800,45.383,45.367,0.0009,0.12
13.11.2023 06:46:02.134 GMT-0800,45.393,45.367,0.12,0.12
13.11.2023 06:46:02.185 GMT-0800,45.384,45.36600000000001,0.0009,0.09
13.11.2023 06:46:02.236 GMT-0800,45.384,45.356,0.12,0.12
13.11.2023 06:46:02.569 GMT-0800,45.394,45.356,0.12,0.12
13.11.2023 06:46:02.619 GMT-0800,45.383,45.357,0.12,0.12
13.11.2023 06:46:05.670 GMT-0800,45.384,45.36600000000001,0.09,0.0009
13.11.2023 06:46:05.720 GMT-0800,45.393,45.367,0.12,0.12
13.11.2023 06:46:07.190 GMT-0800,45.383,45.367,0.0009,0.12
13.11.2023 06:46:07.240 GMT-0800,45.394,45.36600000000001,0.12,0.12
13.11.2023 06:46:07.291 GMT-0800,45.383,45.367,0.0009,0.09
13.11.2023 06:46:07.342 GMT-0800,45.383,45.357,0.12,0.12
13.11.2023 06:46:20.249 GMT-0800,45.384,45.36600000000001,0.12,0.0009
13.11.2023 06:46:20.754 GMT-0800,45.384,45.356,0.12,0.12
13.11.2023 06:46:22.224 GMT-0800,45.384,45.36600000000001,0.12,0.0009
13.11.2023 06:46:22.874 GMT-0800,45.394,45.36600000000001,0.12,0.12
13.11.2023 06:46:25.191 GMT-0800,45.394,45.356,0.12,0.12
13.11.2023 06:46:26.690 GMT-0800,45.384,45.36600000000001,0.0009,0.0009
13.11.2023 06:46:26.741 GMT-0800,45.384,45.356,0.12,0.12
13.11.2023 06:46:27.234 GMT-0800,45.394,45.356,0.12,0.12
13.11.2023 06:46:27.628 GMT-0800,45.394,45.36600000000001,0.12,0.0009
13.11.2023 06:46:30.386 GMT-0800,45.393,45.377,0.09,0.0009
13.11.2023 06:46:30.437 GMT-0800,45.393,45.367,0.12,0.12
13.11.2023 06:46:30.748 GMT-0800,45.393,45.377,0.09,0.0009
13.11.2023 06:46:30.799 GMT-0800,45.534,45.376000000000005,0.12,0.12
13.11.2023 06:46:31.724 GMT-0800,45.403000000000006,45.387,0.0009,0.0009
13.11.2023 06:46:31.774 GMT-0800,45.403999999999996,45.376000000000005,0.12,0.12
13.11.2023 06:46:31.963 GMT-0800,45.533,45.377,0.12,0.12
13.11.2023 06:46:32.125 GMT-0800,45.428000000000004,45.377,0.0009,0.12
13.11.2023 06:46:32.877 GMT-0800,45.403000000000006,45.377,0.0009,0.12
13.11.2023 06:46:34.470 GMT-0800,45.384,45.36600000000001,0.12,0.09
13.11.2023 06:46:34.572 GMT-0800,45.384,45.356,0.12,0.12
13.11.2023 06:46:34.622 GMT-0800,45.373999999999995,45.356,0.0009,0.09
13.11.2023 06:46:34.811 GMT-0800,45.373000000000005,45.347,0.12,0.12
13.11.2023 06:46:36.652 GMT-0800,45.363,45.347,0.0009,0.09
13.11.2023 06:46:36.775 GMT-0800,45.364,45.336000000000006,0.12,0.12
13.11.2023 06:46:38.546 GMT-0800,45.373000000000005,45.336999999999996,0.12,0.12
13.11.2023 06:46:39.101 GMT-0800,45.364,45.336000000000006,0.0009,0.12
13.11.2023 06:46:40.811 GMT-0800,45.354,45.336000000000006,0.0009,0.09
13.11.2023 06:46:40.861 GMT-0800,45.354,45.32600000000001,0.12,0.12
13.11.2023 06:46:41.516 GMT-0800,45.363,45.327,0.12,0.12
13.11.2023 06:46:43.161 GMT-0800,45.363,45.336999999999996,0.12,0.0009
13.11.2023 06:46:45.200 GMT-0800,45.353,45.336999999999996,0.12,0.12
13.11.2023 06:46:45.251 GMT-0800,45.364,45.336000000000006,0.12,0.12
13.11.2023 06:46:46.089 GMT-0800,45.353,45.336999999999996,0.0009,0.12
13.11.2023 06:46:46.140 GMT-0800,45.353,45.327,0.12,0.12
13.11.2023 06:46:48.704 GMT-0800,45.343999999999994,45.32600000000001,0.0009,0.09
13.11.2023 06:46:48.755 GMT-0800,45.343999999999994,45.316,0.12,0.12
13.11.2023 06:46:49.606 GMT-0800,45.353,45.317,0.12,0.12
13.11.2023 06:46:50.103 GMT-0800,45.343999999999994,45.316,0.0009,0.12
13.11.2023 06:46:50.940 GMT-0800,45.343,45.327,0.12,0.0009
13.11.2023 06:46:51.176 GMT-0800,45.343,45.336999999999996,0.09,0.0009
13.11.2023 06:46:51.309 GMT-0800,45.353,45.336999999999996,0.12,0.12
13.11.2023 06:46:53.011 GMT-0800,45.353,45.327,0.12,0.12
13.11.2023 06:46:58.607 GMT-0800,45.353,45.336999999999996,0.12,0.0009
13.11.2023 06:46:59.405 GMT-0800,45.354,45.346000000000004,0.09,0.0009
13.11.2023 06:46:59.456 GMT-0800,45.373999999999995,45.346000000000004,0.12,0.12
13.11.2023 06:47:00.745 GMT-0800,45.364,45.346000000000004,0.0009,0.09
13.11.2023 06:47:00.808 GMT-0800,45.363,45.336999999999996,0.12,0.12
13.11.2023 06:47:01.443 GMT-0800,45.373999999999995,45.336000000000006,0.12,0.12
13.11.2023 06:47:01.698 GMT-0800,45.373999999999995,45.346000000000004,0.12,0.0009
13.11.2023 06:47:02.673 GMT-0800,45.363,45.347,0.0009,0.09
13.11.2023 06:47:02.724 GMT-0800,45.373000000000005,45.347,0.12,0.09
13.11.2023 06:47:04.044 GMT-0800,45.363,45.336999999999996,0.0009,0.12
13.11.2023 06:47:07.341 GMT-0800,45.373000000000005,45.336999999999996,0.12,0.12
13.11.2023 06:47:08.087 GMT-0800,45.373000000000005,45.347,0.12,0.0009
13.11.2023 06:47:14.446 GMT-0800,45.363,45.347,0.0009,0.09
13.11.2023 06:47:14.497 GMT-0800,45.364,45.336000000000006,0.12,0.12
13.11.2023 06:47:15.795 GMT-0800,45.363,45.347,0.12,0.0009
13.11.2023 06:47:17.897 GMT-0800,45.363,45.336999999999996,0.12,0.12
13.11.2023 06:47:17.965 GMT-0800,45.364,45.346000000000004,0.12,0.0009
13.11.2023 06:47:20.982 GMT-0800,45.363,45.357,0.09,0.0009
13.11.2023 06:47:21.033 GMT-0800,45.373999999999995,45.346000000000004,0.12,0.12
13.11.2023 06:47:26.924 GMT-0800,45.373000000000005,45.357,0.09,0.0009
13.11.2023 06:47:26.975 GMT-0800,45.373000000000005,45.347,0.12,0.12
13.11.2023 06:47:27.890 GMT-0800,45.363,45.347,0.0009,0.12
13.11.2023 06:47:27.992 GMT-0800,45.373999999999995,45.346000000000004,0.12,0.12
13.11.2023 06:47:28.452 GMT-0800,45.364,45.346000000000004,0.0009,0.12
13.11.2023 06:47:28.553 GMT-0800,45.373999999999995,45.346000000000004,0.12,0.12
13.11.2023 06:47:30.157 GMT-0800,45.363,45.347,0.0009,0.12
13.11.2023 06:47:30.259 GMT-0800,45.373000000000005,45.347,0.12,0.12
13.11.2023 06:47:30.937 GMT-0800,45.383,45.347,0.12,0.12
13.11.2023 06:47:32.518 GMT-0800,45.384,45.36600000000001,0.09,0.0009
13.11.2023 06:47:32.577 GMT-0800,45.394,45.36600000000001,0.12,0.12
13.11.2023 06:47:36.347 GMT-0800,45.384,45.36600000000001,0.0009,0.09
13.11.2023 06:47:36.417 GMT-0800,45.383,45.357,0.12,0.12
13.11.2023 06:47:40.345 GMT-0800,45.373000000000005,45.357,0.0009,0.12
13.11.2023 06:47:40.395 GMT-0800,45.383,45.357,0.12,0.12
13.11.2023 06:47:40.764 GMT-0800,45.383,45.367,0.09,0.0009
13.11.2023 06:47:40.915 GMT-0800,45.394,45.36600000000001,0.12,0.12
13.11.2023 06:47:47.293 GMT-0800,45.393,45.377,0.12,0.0009
13.11.2023 06:47:48.378 GMT-0800,45.394,45.36600000000001,0.12,0.12
13.11.2023 06:47:49.274 GMT-0800,45.393,45.377,0.12,0.0009
13.11.2023 06:47:50.918 GMT-0800,45.393,45.367,0.12,0.12
13.11.2023 06:47:51.507 GMT-0800,45.393,45.377,0.12,0.0009
13.11.2023 06:47:52.599 GMT-0800,45.393,45.387,0.09,0.0009
13.11.2023 06:47:52.650 GMT-0800,45.393,45.377,0.09,0.12
13.11.2023 06:47:52.701 GMT-0800,45.403000000000006,45.377,0.12,0.12
13.11.2023 06:47:53.261 GMT-0800,45.393,45.377,0.0009,0.09
13.11.2023 06:47:53.315 GMT-0800,45.393,45.367,0.12,0.12
13.11.2023 06:47:53.366 GMT-0800,45.394,45.376000000000005,0.12,0.12
13.11.2023 06:47:53.474 GMT-0800,45.393,45.367,0.12,0.12
13.11.2023 06:47:53.736 GMT-0800,45.403000000000006,45.367,0.12,0.12
13.11.2023 06:47:55.368 GMT-0800,45.403999999999996,45.376000000000005,0.12,0.0009
13.11.2023 06:47:56.051 GMT-0800,45.393,45.377,0.0009,0.09
13.11.2023 06:47:56.101 GMT-0800,45.393,45.367,0.12,0.12
13.11.2023 06:47:56.516 GMT-0800,45.393,45.377,0.12,0.0009
13.11.2023 06:47:56.668 GMT-0800,45.403000000000006,45.377,0.12,0.12
13.11.2023 06:47:58.323 GMT-0800,45.394,45.376000000000005,0.0009,0.12
13.11.2023 06:48:00.299 GMT-0800,45.394,45.36600000000001,0.12,0.12
13.11.2023 06:48:02.908 GMT-0800,45.394,45.376000000000005,0.09,0.0009
13.11.2023 06:48:02.958 GMT-0800,45.403999999999996,45.376000000000005,0.12,0.12
13.11.2023 06:48:03.620 GMT-0800,45.413000000000004,45.387,0.12,0.12
13.11.2023 06:48:05.476 GMT-0800,45.534,45.386,0.12,0.12
13.11.2023 06:48:07.790 GMT-0800,45.413000000000004,45.387,0.0009,0.12
13.11.2023 06:48:07.994 GMT-0800,45.413999999999994,45.39600000000001,0.09,0.0009
13.11.2023 06:48:08.046 GMT-0800,45.534,45.386,0.12,0.12
13.11.2023 06:48:08.096 GMT-0800,45.413000000000004,45.387,0.12,0.12
13.11.2023 06:48:08.586 GMT-0800,45.413999999999994,45.39600000000001,0.09,0.0009
13.11.2023 06:48:08.637 GMT-0800,45.534,45.39600000000001,0.12,0.12
13.11.2023 06:48:09.063 GMT-0800,45.438,45.397,0.0009,0.12
13.11.2023 06:48:09.378 GMT-0800,45.424,45.406000000000006,0.12,0.0009
13.11.2023 06:48:09.428 GMT-0800,45.423,45.397,0.12,0.12
13.11.2023 06:48:09.552 GMT-0800,45.424,45.406000000000006,0.09,0.0009
13.11.2023 06:48:09.603 GMT-0800,45.433,45.407,0.12,0.12
13.11.2023 06:48:10.353 GMT-0800,45.434,45.39600000000001,0.12,0.12
13.11.2023 06:48:10.412 GMT-0800,45.423,45.397,0.0009,0.12
13.11.2023 06:48:10.560 GMT-0800,45.413000000000004,45.397,0.0009,0.09
13.11.2023 06:48:10.611 GMT-0800,45.413999999999994,45.386,0.12,0.12
13.11.2023 06:48:10.819 GMT-0800,45.413000000000004,45.397,0.12,0.0009
13.11.2023 06:48:10.870 GMT-0800,45.413000000000004,45.387,0.12,0.12
13.11.2023 06:48:11.429 GMT-0800,45.403000000000006,45.387,0.0009,0.09
13.11.2023 06:48:11.530 GMT-0800,45.403999999999996,45.376000000000005,0.12,0.12
13.11.2023 06:48:14.049 GMT-0800,45.413000000000004,45.377,0.12,0.12
13.11.2023 06:48:18.101 GMT-0800,45.413000000000004,45.387,0.12,0.0009
13.11.2023 06:48:25.930 GMT-0800,45.413999999999994,45.39600000000001,0.09,0.0009
13.11.2023 06:48:25.981 GMT-0800,45.424,45.39600000000001,0.12,0.12
13.11.2023 06:48:27.948 GMT-0800,45.423,45.407,0.12,0.0009
13.11.2023 06:48:30.031 GMT-0800,45.433,45.407,0.12,0.12
13.11.2023 06:48:33.016 GMT-0800,45.433,45.417,0.12,0.0009
13.11.2023 06:48:36.759 GMT-0800,45.424,45.416000000000004,0.0009,0.09
13.11.2023 06:48:36.963 GMT-0800,45.423,45.407,0.12,0.12
13.11.2023 06:48:37.824 GMT-0800,45.413999999999994,45.406000000000006,0.0009,0.09
13.11.2023 06:48:37.877 GMT-0800,45.413000000000004,45.397,0.12,0.12
13.11.2023 06:48:38.029 GMT-0800,45.423,45.387,0.12,0.12
13.11.2023 06:48:38.526 GMT-0800,45.423,45.397,0.12,0.0009
13.11.2023 06:48:38.627 GMT-0800,45.424,45.386,0.12,0.12
13.11.2023 06:48:39.982 GMT-0800,45.413000000000004,45.387,0.0009,0.12
13.11.2023 06:48:40.083 GMT-0800,45.403000000000006,45.387,0.0009,0.12
13.11.2023 06:48:40.615 GMT-0800,45.413999999999994,45.386,0.12,0.12
13.11.2023 06:48:42.770 GMT-0800,45.424,45.39600000000001,0.12,0.12
13.11.2023 06:48:45.352 GMT-0800,45.423,45.407,0.12,0.0009
13.11.2023 06:48:45.403 GMT-0800,45.433,45.407,0.12,0.12
13.11.2023 06:48:51.560 GMT-0800,45.423,45.407,0.0009,0.12
13.11.2023 06:48:51.610 GMT-0800,45.434,45.406000000000006,0.12,0.12
13.11.2023 06:48:52.083 GMT-0800,45.434,45.39600000000001,0.12,0.12
13.11.2023 06:48:52.433 GMT-0800,45.433,45.407,0.12,0.0009
13.11.2023 06:48:52.997 GMT-0800,45.434,45.39600000000001,0.12,0.12
13.11.2023 06:48:53.723 GMT-0800,45.434,45.406000000000006,0.12,0.0009
13.11.2023 06:48:55.912 GMT-0800,45.413999999999994,45.39600000000001,0.12,0.12
13.11.2023 06:48:56.053 GMT-0800,45.413999999999994,45.386,0.12,0.12
13.11.2023 06:48:59.471 GMT-0800,45.403999999999996,45.386,0.0009,0.12
13.11.2023 06:48:59.522 GMT-0800,45.413000000000004,45.387,0.12,0.12
13.11.2023 06:49:09.082 GMT-0800,45.403999999999996,45.386,0.0009,0.12
13.11.2023 06:49:09.600 GMT-0800,45.413000000000004,45.387,0.12,0.12
13.11.2023 06:49:11.479 GMT-0800,45.403999999999996,45.386,0.12,0.12
13.11.2023 06:49:12.122 GMT-0800,45.403999999999996,45.376000000000005,0.12,0.12
13.11.2023 06:49:13.825 GMT-0800,45.394,45.376000000000005,0.0009,0.12
13.11.2023 06:49:13.967 GMT-0800,45.394,45.36600000000001,0.12,0.12
13.11.2023 06:49:21.973 GMT-0800,45.393,45.377,0.09,0.0009
13.11.2023 06:49:22.047 GMT-0800,45.403000000000006,45.377,0.12,0.12
13.11.2023 06:49:25.161 GMT-0800,45.403000000000006,45.387,0.09,0.0009
13.11.2023 06:49:25.212 GMT-0800,45.413999999999994,45.386,0.12,0.12
13.11.2023 06:49:27.447 GMT-0800,45.403000000000006,45.387,0.0009,0.09
13.11.2023 06:49:27.536 GMT-0800,45.403999999999996,45.376000000000005,0.12,0.12
13.11.2023 06:49:32.486 GMT-0800,45.394,45.376000000000005,0.0009,0.09
13.11.2023 06:49:32.536 GMT-0800,45.394,45.36600000000001,0.12,0.12
13.11.2023 06:49:33.328 GMT-0800,45.384,45.36600000000001,0.0009,0.09
13.11.2023 06:49:33.379 GMT-0800,45.394,45.356,0.12,0.12
13.11.2023 06:49:34.747 GMT-0800,45.373999999999995,45.356,0.0009,0.12
13.11.2023 06:49:34.848 GMT-0800,45.373000000000005,45.347,0.12,0.12
13.11.2023 06:49:35.095 GMT-0800,45.373999999999995,45.356,0.09,0.0009
13.11.2023 06:49:35.298 GMT-0800,45.394,45.356,0.12,0.12
13.11.2023 06:49:35.906 GMT-0800,45.373999999999995,45.356,0.0009,0.09
13.11.2023 06:49:35.957 GMT-0800,45.373999999999995,45.346000000000004,0.12,0.12
13.11.2023 06:49:36.931 GMT-0800,45.394,45.346000000000004,0.12,0.12
13.11.2023 06:49:37.028 GMT-0800,45.373999999999995,45.346000000000004,0.0009,0.12
13.11.2023 06:49:41.636 GMT-0800,45.373000000000005,45.357,0.09,0.0009
13.11.2023 06:49:41.696 GMT-0800,45.394,45.356,0.12,0.12
13.11.2023 06:49:43.553 GMT-0800,45.383,45.357,0.12,0.12
13.11.2023 06:49:45.252 GMT-0800,45.373999999999995,45.356,0.0009,0.09
13.11.2023 06:49:45.303 GMT-0800,45.373000000000005,45.347,0.12,0.12
13.11.2023 06:49:46.508 GMT-0800,45.364,45.346000000000004,0.0009,0.12
13.11.2023 06:49:46.559 GMT-0800,45.373000000000005,45.347,0.12,0.12
13.11.2023 06:49:48.378 GMT-0800,45.363,45.327,0.12,0.12
13.11.2023 06:49:52.085 GMT-0800,45.364,45.336000000000006,0.12,0.0009
13.11.2023 06:49:54.502 GMT-0800,45.363,45.347,0.09,0.0009
13.11.2023 06:49:54.553 GMT-0800,45.373000000000005,45.347,0.12,0.12
13.11.2023 06:49:54.898 GMT-0800,45.373999999999995,45.336000000000006,0.12,0.12
13.11.2023 06:49:55.076 GMT-0800,45.364,45.336000000000006,0.0009,0.12
13.11.2023 06:49:57.327 GMT-0800,45.364,45.346000000000004,0.09,0.0009
13.11.2023 06:49:57.565 GMT-0800,45.373000000000005,45.347,0.12,0.12
13.11.2023 06:49:58.636 GMT-0800,45.373999999999995,45.356,0.12,0.0009
13.11.2023 06:49:59.130 GMT-0800,45.373999999999995,45.346000000000004,0.12,0.12
13.11.2023 06:50:00.102 GMT-0800,45.384,45.346000000000004,0.12,0.12
13.11.2023 06:50:00.226 GMT-0800,45.383,45.357,0.12,0.0009
13.11.2023 06:50:00.844 GMT-0800,45.373000000000005,45.357,0.0009,0.12
13.11.2023 06:50:01.145 GMT-0800,45.384,45.356,0.12,0.12
13.11.2023 06:50:02.278 GMT-0800,45.373000000000005,45.357,0.0009,0.12
13.11.2023 06:50:02.444 GMT-0800,45.373000000000005,45.347,0.12,0.12
13.11.2023 06:50:05.053 GMT-0800,45.373000000000005,45.357,0.09,0.0009
13.11.2023 06:50:05.187 GMT-0800,45.383,45.357,0.12,0.12
13.11.2023 06:50:07.670 GMT-0800,45.383,45.367,0.09,0.0009
13.11.2023 06:50:07.721 GMT-0800,45.393,45.367,0.12,0.12
13.11.2023 06:50:08.486 GMT-0800,45.384,45.36600000000001,0.0009,0.12
13.11.2023 06:50:08.537 GMT-0800,45.394,45.36600000000001,0.12,0.12
13.11.2023 06:50:09.873 GMT-0800,45.394,45.376000000000005,0.09,0.0009
13.11.2023 06:50:09.924 GMT-0800,45.533,45.377,0.12,0.12
13.11.2023 06:50:11.339 GMT-0800,45.533,45.387,0.12,0.0009
13.11.2023 06:50:11.440 GMT-0800,45.403000000000006,45.387,0.12,0.12
13.11.2023 06:50:12.502 GMT-0800,45.403999999999996,45.376000000000005,0.12,0.12
13.11.2023 06:50:13.811 GMT-0800,45.403000000000006,45.387,0.09,0.0009
13.11.2023 06:50:14.081 GMT-0800,45.403999999999996,45.376000000000005,0.12,0.12
13.11.2023 06:50:14.863 GMT-0800,45.393,45.377,0.0009,0.12
13.11.2023 06:50:15.252 GMT-0800,45.394,45.36600000000001,0.12,0.12
13.11.2023 06:50:17.226 GMT-0800,45.383,45.367,0.0009,0.09
13.11.2023 06:50:17.347 GMT-0800,45.383,45.357,0.12,0.12
13.11.2023 06:50:18.623 GMT-0800,45.373000000000005,45.357,0.0009,0.09
13.11.2023 06:50:18.724 GMT-0800,45.373000000000005,45.347,0.12,0.12
13.11.2023 06:50:19.053 GMT-0800,45.373000000000005,45.357,0.09,0.0009
13.11.2023 06:50:19.128 GMT-0800,45.383,45.357,0.12,0.12
13.11.2023 06:50:19.589 GMT-0800,45.373000000000005,45.357,0.0009,0.09
13.11.2023 06:50:19.690 GMT-0800,45.373000000000005,45.347,0.12,0.12
13.11.2023 06:50:21.713 GMT-0800,45.373999999999995,45.336000000000006,0.12,0.12
13.11.2023 06:50:23.105 GMT-0800,45.373999999999995,45.346000000000004,0.12,0.0009
13.11.2023 06:50:23.682 GMT-0800,45.373000000000005,45.357,0.09,0.0009
13.11.2023 06:50:23.732 GMT-0800,45.384,45.356,0.12,0.12
13.11.2023 06:50:30.588 GMT-0800,45.383,45.367,0.12,0.0009
13.11.2023 06:50:30.689 GMT-0800,45.393,45.367,0.12,0.12
13.11.2023 06:50:31.239 GMT-0800,45.383,45.367,0.0009,0.09
13.11.2023 06:50:31.290 GMT-0800,45.383,45.357,0.12,0.12
13.11.2023 06:50:32.179 GMT-0800,45.383,45.367,0.09,0.0009
13.11.2023 06:50:32.230 GMT-0800,45.393,45.367,0.12,0.12
13.11.2023 06:50:35.402 GMT-0800,45.384,45.36600000000001,0.0009,0.12
13.11.2023 06:50:35.557 GMT-0800,45.384,45.356,0.12,0.12
13.11.2023 06:50:36.068 GMT-0800,45.373000000000005,45.357,0.0009,0.09
13.11.2023 06:50:36.118 GMT-0800,45.373999999999995,45.346000000000004,0.12,0.12
13.11.2023 06:50:36.169 GMT-0800,45.373999999999995,45.356,0.12,0.12
13.11.2023 06:50:36.220 GMT-0800,45.373000000000005,45.347,0.12,0.12
13.11.2023 06:50:37.007 GMT-0800,45.373000000000005,45.357,0.09,0.0009
13.11.2023 06:50:37.057 GMT-0800,45.383,45.357,0.12,0.12
13.11.2023 06:50:37.253 GMT-0800,45.373999999999995,45.356,0.0009,0.12
13.11.2023 06:50:37.583 GMT-0800,45.373999999999995,45.346000000000004,0.12,0.12
13.11.2023 06:50:37.906 GMT-0800,45.373000000000005,45.357,0.12,0.0009
13.11.2023 06:50:38.331 GMT-0800,45.383,45.357,0.12,0.12
13.11.2023 06:50:44.266 GMT-0800,45.383,45.367,0.09,0.0009
13.11.2023 06:50:44.368 GMT-0800,45.403999999999996,45.376000000000005,0.12,0.12
13.11.2023 06:50:44.954 GMT-0800,45.403000000000006,45.367,0.12,0.12
13.11.2023 06:50:45.174 GMT-0800,45.403000000000006,45.377,0.12,0.0009
13.11.2023 06:50:45.849 GMT-0800,45.403999999999996,45.36600000000001,0.12,0.12
13.11.2023 06:50:46.394 GMT-0800,45.403000000000006,45.377,0.12,0.0009
13.11.2023 06:50:47.958 GMT-0800,45.403999999999996,45.386,0.12,0.0009
13.11.2023 06:50:48.059 GMT-0800,45.413999999999994,45.386,0.12,0.12
13.11.2023 06:50:48.362 GMT-0800,45.403000000000006,45.387,0.0009,0.12
13.11.2023 06:50:48.463 GMT-0800,45.413999999999994,45.386,0.12,0.12
13.11.2023 06:50:52.214 GMT-0800,45.413000000000004,45.397,0.09,0.0009
13.11.2023 06:50:52.316 GMT-0800,45.423,45.397,0.12,0.12
13.11.2023 06:50:52.608 GMT-0800,45.413000000000004,45.397,0.0009,0.09
13.11.2023 06:50:52.659 GMT-0800,45.413000000000004,45.387,0.12,0.12
13.11.2023 06:50:56.750 GMT-0800,45.413999999999994,45.39600000000001,0.09,0.0009
13.11.2023 06:50:56.801 GMT-0800,45.424,45.39600000000001,0.12,0.12
13.11.2023 06:50:58.079 GMT-0800,45.423,45.407,0.09,0.0009
13.11.2023 06:50:58.231 GMT-0800,45.483000000000004,45.407,0.12,0.12
13.11.2023 06:50:58.435 GMT-0800,45.423,45.407,0.0009,0.12
13.11.2023 06:50:58.486 GMT-0800,45.424,45.39600000000001,0.12,0.12
13.11.2023 06:51:00.117 GMT-0800,45.424,45.406000000000006,0.12,0.0009
13.11.2023 06:51:00.168 GMT-0800,45.424,45.39600000000001,0.12,0.12
13.11.2023 06:51:03.034 GMT-0800,45.423,45.417,0.09,0.0009
13.11.2023 06:51:03.084 GMT-0800,45.433,45.407,0.12,0.12
13.11.2023 06:51:03.973 GMT-0800,45.434,45.416000000000004,0.12,0.0009
13.11.2023 06:51:04.186 GMT-0800,45.433,45.407,0.12,0.12
13.11.2023 06:51:04.919 GMT-0800,45.434,45.416000000000004,0.12,0.0009
13.11.2023 06:51:07.052 GMT-0800,45.433,45.407,0.12,0.12
13.11.2023 06:51:16.997 GMT-0800,45.433,45.417,0.12,0.0009
13.11.2023 06:51:18.749 GMT-0800,45.433,45.427,0.09,0.0009
13.11.2023 06:51:18.800 GMT-0800,45.443999999999996,45.426,0.12,0.12
13.11.2023 06:51:19.492 GMT-0800,45.443999999999996,45.416000000000004,0.12,0.12
13.11.2023 06:51:24.360 GMT-0800,45.433,45.417,0.0009,0.12
13.11.2023 06:51:24.461 GMT-0800,45.443000000000005,45.417,0.12,0.12
13.11.2023 06:51:24.831 GMT-0800,45.433,45.417,0.0009,0.12
13.11.2023 06:51:24.882 GMT-0800,45.443999999999996,45.416000000000004,0.12,0.12
13.11.2023 06:51:26.411 GMT-0800,45.433,45.417,0.0009,0.12
13.11.2023 06:51:26.462 GMT-0800,45.443999999999996,45.416000000000004,0.12,0.12
13.11.2023 06:51:27.633 GMT-0800,45.433,45.417,0.0009,0.12
13.11.2023 06:51:28.872 GMT-0800,45.443000000000005,45.417,0.12,0.12
13.11.2023 06:51:32.885 GMT-0800,45.443000000000005,45.427,0.12,0.0009
13.11.2023 06:51:36.775 GMT-0800,45.443000000000005,45.437,0.09,0.0009
13.11.2023 06:51:36.826 GMT-0800,45.454,45.43600000000001,0.12,0.12
13.11.2023 06:51:37.183 GMT-0800,45.464,45.43600000000001,0.12,0.12
13.11.2023 06:51:37.702 GMT-0800,45.504,45.43600000000001,0.12,0.12
13.11.2023 06:51:37.752 GMT-0800,45.504,45.446000000000005,0.09,0.0009
13.11.2023 06:51:37.803 GMT-0800,45.523,45.446999999999996,0.12,0.12
13.11.2023 06:51:38.625 GMT-0800,45.468,45.446999999999996,0.0009,0.09
13.11.2023 06:51:38.675 GMT-0800,45.464,45.43600000000001,0.12,0.12
13.11.2023 06:51:38.776 GMT-0800,45.474,45.43600000000001,0.12,0.12
13.11.2023 06:51:42.682 GMT-0800,45.463,45.437,0.0009,0.12
13.11.2023 06:51:43.169 GMT-0800,45.454,45.426,0.12,0.12
13.11.2023 06:51:44.529 GMT-0800,45.464,45.426,0.12,0.12
13.11.2023 06:51:44.855 GMT-0800,45.463,45.437,0.12,0.0009
13.11.2023 06:51:45.315 GMT-0800,45.464,45.446000000000005,0.09,0.0009
13.11.2023 06:51:45.372 GMT-0800,45.474,45.446000000000005,0.12,0.12
13.11.2023 06:51:46.283 GMT-0800,45.474,45.43600000000001,0.12,0.12
13.11.2023 06:51:46.958 GMT-0800,45.474,45.456,0.12,0.0009
13.11.2023 06:51:47.110 GMT-0800,45.473000000000006,45.446999999999996,0.12,0.12
13.11.2023 06:51:52.519 GMT-0800,45.464,45.446000000000005,0.0009,0.12
13.11.2023 06:51:53.019 GMT-0800,45.474,45.446000000000005,0.12,0.12
13.11.2023 06:51:53.794 GMT-0800,45.453,45.446999999999996,0.0009,0.09
13.11.2023 06:51:53.871 GMT-0800,45.454,45.426,0.0009,0.12
13.11.2023 06:51:54.706 GMT-0800,45.454,45.43600000000001,0.09,0.0009
13.11.2023 06:51:54.757 GMT-0800,45.463,45.437,0.12,0.12
13.11.2023 06:51:54.808 GMT-0800,45.453,45.427,0.12,0.12
13.11.2023 06:51:54.909 GMT-0800,45.464,45.43600000000001,0.12,0.12
13.11.2023 06:51:57.141 GMT-0800,45.464,45.446000000000005,0.12,0.0009
13.11.2023 06:51:57.192 GMT-0800,45.463,45.437,0.12,0.12
13.11.2023 06:51:57.822 GMT-0800,45.463,45.446999999999996,0.09,0.0009
13.11.2023 06:51:57.873 GMT-0800,45.473000000000006,45.437,0.12,0.12
13.11.2023 06:51:58.877 GMT-0800,45.473000000000006,45.446999999999996,0.12,0.0009
13.11.2023 06:52:00.088 GMT-0800,45.523,45.457,0.12,0.12
13.11.2023 06:52:00.530 GMT-0800,45.483999999999995,45.456,0.0009,0.12
13.11.2023 06:52:01.389 GMT-0800,45.483999999999995,45.446000000000005,0.12,0.12
13.11.2023 06:52:02.503 GMT-0800,45.483999999999995,45.456,0.12,0.0009
13.11.2023 06:52:02.761 GMT-0800,45.483999999999995,45.446000000000005,0.12,0.12
13.11.2023 06:52:02.812 GMT-0800,45.483000000000004,45.457,0.12,0.12
13.11.2023 06:52:04.352 GMT-0800,45.483000000000004,45.446999999999996,0.12,0.12
13.11.2023 06:52:04.403 GMT-0800,45.483999999999995,45.456,0.12,0.12
13.11.2023 06:52:05.429 GMT-0800,45.483999999999995,45.446000000000005,0.12,0.12
13.11.2023 06:52:05.479 GMT-0800,45.483999999999995,45.456,0.12,0.12
13.11.2023 06:52:05.530 GMT-0800,45.483999999999995,45.446000000000005,0.12,0.12
13.11.2023 06:52:05.664 GMT-0800,45.483999999999995,45.456,0.12,0.0009
13.11.2023 06:52:05.815 GMT-0800,45.483000000000004,45.446999999999996,0.12,0.12
13.11.2023 06:52:05.948 GMT-0800,45.483999999999995,45.456,0.12,0.0009
13.11.2023 06:52:06.050 GMT-0800,45.483000000000004,45.446999999999996,0.12,0.12
13.11.2023 06:52:06.873 GMT-0800,45.483999999999995,45.456,0.12,0.0009
13.11.2023 06:52:07.226 GMT-0800,45.483000000000004,45.446999999999996,0.12,0.12
13.11.2023 06:52:07.569 GMT-0800,45.483000000000004,45.457,0.12,0.0009
13.11.2023 06:52:07.671 GMT-0800,45.483000000000004,45.446999999999996,0.12,0.12
13.11.2023 06:52:08.073 GMT-0800,45.474,45.446000000000005,0.0009,0.12
13.11.2023 06:52:08.175 GMT-0800,45.464,45.43600000000001,0.12,0.12
13.11.2023 06:52:10.761 GMT-0800,45.474,45.43600000000001,0.12,0.12
13.11.2023 06:52:14.659 GMT-0800,45.474,45.446000000000005,0.12,0.0009
13.11.2023 06:52:16.348 GMT-0800,45.474,45.456,0.09,0.0009
13.11.2023 06:52:16.453 GMT-0800,45.483999999999995,45.456,0.12,0.12
13.11.2023 06:52:16.558 GMT-0800,45.483999999999995,45.466,0.09,0.0009
13.11.2023 06:52:16.609 GMT-0800,45.504,45.466,0.12,0.12
13.11.2023 06:52:17.407 GMT-0800,45.475,45.467,0.0009,0.09
13.11.2023 06:52:17.461 GMT-0800,45.474,45.456,0.12,0.12
13.11.2023 06:52:17.722 GMT-0800,45.483999999999995,45.456,0.12,0.12
13.11.2023 06:52:21.880 GMT-0800,45.473000000000006,45.457,0.0009,0.12
13.11.2023 06:52:21.981 GMT-0800,45.474,45.446000000000005,0.12,0.12
13.11.2023 06:52:22.282 GMT-0800,45.464,45.446000000000005,0.0009,0.12
13.11.2023 06:52:23.346 GMT-0800,45.454,45.442,0.0009,0.09
13.11.2023 06:52:23.397 GMT-0800,45.463,45.437,0.12,0.12
13.11.2023 06:52:28.761 GMT-0800,45.474,45.43600000000001,0.12,0.12
13.11.2023 06:52:29.166 GMT-0800,45.473000000000006,45.446999999999996,0.12,0.0009
13.11.2023 06:52:30.861 GMT-0800,45.464,45.446000000000005,0.12,0.12
13.11.2023 06:52:31.021 GMT-0800,45.463,45.437,0.12,0.12
13.11.2023 06:52:31.795 GMT-0800,45.463,45.417,0.12,0.12
13.11.2023 06:52:32.144 GMT-0800,45.464,45.43600000000001,0.12,0.0009
13.11.2023 06:52:33.831 GMT-0800,45.443000000000005,45.427,0.12,0.0009
13.11.2023 06:52:34.049 GMT-0800,45.443999999999996,45.416000000000004,0.12,0.12
13.11.2023 06:52:42.665 GMT-0800,45.433,45.407,0.0009,0.12
13.11.2023 06:52:43.614 GMT-0800,45.443999999999996,45.406000000000006,0.12,0.12
13.11.2023 06:52:43.736 GMT-0800,45.443000000000005,45.417,0.12,0.0009
13.11.2023 06:52:46.871 GMT-0800,45.453,45.417,0.12,0.12
13.11.2023 06:52:47.269 GMT-0800,45.454,45.426,0.12,0.0009
13.11.2023 06:52:47.600 GMT-0800,45.454,45.43600000000001,0.09,0.0009
13.11.2023 06:52:47.650 GMT-0800,45.464,45.43600000000001,0.12,0.12
13.11.2023 06:52:51.239 GMT-0800,45.465,45.446000000000005,0.09,0.0009
13.11.2023 06:52:51.328 GMT-0800,45.513999999999996,45.446000000000005,0.12,0.12
13.11.2023 06:52:51.379 GMT-0800,45.464,45.43600000000001,0.12,0.12
13.11.2023 06:52:51.892 GMT-0800,45.453,45.437,0.0009,0.12
13.11.2023 06:52:51.947 GMT-0800,45.464,45.43600000000001,0.12,0.09
13.11.2023 06:52:51.998 GMT-0800,45.464,45.426,0.12,0.12
13.11.2023 06:52:54.571 GMT-0800,45.464,45.43600000000001,0.12,0.0009
13.11.2023 06:52:58.411 GMT-0800,45.464,45.446000000000005,0.12,0.0009
13.11.2023 06:52:58.462 GMT-0800,45.463,45.437,0.12,0.09
13.11.2023 06:52:58.513 GMT-0800,45.463,45.427,0.12,0.12
13.11.2023 06:53:01.973 GMT-0800,45.453,45.427,0.0009,0.12
13.11.2023 06:53:02.210 GMT-0800,45.443999999999996,45.426,0.0009,0.09
13.11.2023 06:53:02.361 GMT-0800,45.443999999999996,45.416000000000004,0.12,0.12
13.11.2023 06:53:05.253 GMT-0800,45.433,45.417,0.0009,0.12
13.11.2023 06:53:05.304 GMT-0800,45.443000000000005,45.417,0.12,0.12
13.11.2023 06:53:07.187 GMT-0800,45.434,45.416000000000004,0.0009,0.09
13.11.2023 06:53:07.238 GMT-0800,45.443999999999996,45.416000000000004,0.12,0.09
13.11.2023 06:53:07.788 GMT-0800,45.443999999999996,45.406000000000006,0.12,0.12
13.11.2023 06:53:07.895 GMT-0800,45.443999999999996,45.416000000000004,0.12,0.0009
13.11.2023 06:53:09.197 GMT-0800,45.443999999999996,45.426,0.12,0.0009
13.11.2023 06:53:10.746 GMT-0800,45.443999999999996,45.43600000000001,0.09,0.0009
13.11.2023 06:53:10.797 GMT-0800,45.464,45.426,0.12,0.12
13.11.2023 06:53:11.034 GMT-0800,45.463,45.437,0.12,0.0009
13.11.2023 06:53:17.087 GMT-0800,45.464,45.426,0.12,0.12
13.11.2023 06:53:18.360 GMT-0800,45.454,45.426,0.12,0.12
13.11.2023 06:53:21.723 GMT-0800,45.454,45.416000000000004,0.12,0.12
13.11.2023 06:53:22.710 GMT-0800,45.454,45.43600000000001,0.09,0.0009
13.11.2023 06:53:22.760 GMT-0800,45.464,45.43600000000001,0.12,0.12
13.11.2023 06:53:26.006 GMT-0800,45.463,45.446999999999996,0.09,0.0009
13.11.2023 06:53:26.057 GMT-0800,45.474,45.446000000000005,0.12,0.12
13.11.2023 06:53:31.201 GMT-0800,45.504,45.456,0.12,0.12
13.11.2023 06:53:32.201 GMT-0800,45.503,45.446999999999996,0.12,0.12
13.11.2023 06:53:34.381 GMT-0800,45.473000000000006,45.446999999999996,0.0009,0.12
13.11.2023 06:53:34.533 GMT-0800,45.473000000000006,45.437,0.12,0.12
13.11.2023 06:53:35.604 GMT-0800,45.474,45.456,0.09,0.0009
13.11.2023 06:53:35.705 GMT-0800,45.474,45.446000000000005,0.12,0.12
13.11.2023 06:53:38.459 GMT-0800,45.463,45.446999999999996,0.0009,0.12
13.11.2023 06:53:38.510 GMT-0800,45.473000000000006,45.446999999999996,0.12,0.09
13.11.2023 06:53:38.914 GMT-0800,45.474,45.43600000000001,0.12,0.12
13.11.2023 06:53:45.727 GMT-0800,45.453,45.437,0.0009,0.09
13.11.2023 06:53:45.778 GMT-0800,45.454,45.426,0.12,0.12
13.11.2023 06:53:46.697 GMT-0800,45.453,45.417,0.12,0.12
13.11.2023 06:53:48.680 GMT-0800,45.453,45.437,0.12,0.0009
13.11.2023 06:53:51.660 GMT-0800,45.443999999999996,45.43600000000001,0.0009,0.09
13.11.2023 06:53:51.711 GMT-0800,45.454,45.43600000000001,0.12,0.12
13.11.2023 06:53:52.622 GMT-0800,45.463,45.437,0.12,0.12
13.11.2023 06:53:55.697 GMT-0800,45.474,45.43600000000001,0.12,0.12
13.11.2023 06:53:55.835 GMT-0800,45.474,45.446000000000005,0.12,0.0009
13.11.2023 06:54:06.544 GMT-0800,45.474,45.456,0.09,0.0009
13.11.2023 06:54:06.594 GMT-0800,45.503,45.457,0.12,0.12
13.11.2023 06:54:06.645 GMT-0800,45.483999999999995,45.456,0.12,0.12
13.11.2023 06:54:07.496 GMT-0800,45.483999999999995,45.466,0.09,0.0009
13.11.2023 06:54:07.547 GMT-0800,45.503,45.467,0.12,0.12
13.11.2023 06:54:07.766 GMT-0800,45.483000000000004,45.467,0.0009,0.09
13.11.2023 06:54:07.816 GMT-0800,45.483999999999995,45.456,0.12,0.12
13.11.2023 06:54:12.426 GMT-0800,45.473000000000006,45.457,0.0009,0.12
13.11.2023 06:54:12.476 GMT-0800,45.474,45.446000000000005,0.12,0.12
13.11.2023 06:54:12.527 GMT-0800,45.483000000000004,45.457,0.12,0.12
13.11.2023 06:54:12.737 GMT-0800,45.473000000000006,45.446999999999996,0.12,0.12
13.11.2023 06:54:15.939 GMT-0800,45.464,45.43600000000001,0.12,0.12
13.11.2023 06:54:16.057 GMT-0800,45.463,45.446999999999996,0.12,0.0009
13.11.2023 06:54:16.295 GMT-0800,45.474,45.446000000000005,0.12,0.12
13.11.2023 06:54:17.669 GMT-0800,45.463,45.446999999999996,0.0009,0.12
13.11.2023 06:54:17.720 GMT-0800,45.473000000000006,45.446999999999996,0.12,0.12
13.11.2023 06:54:19.822 GMT-0800,45.464,45.446000000000005,0.0009,0.12
13.11.2023 06:54:22.061 GMT-0800,45.473000000000006,45.446999999999996,0.12,0.12
13.11.2023 06:54:22.770 GMT-0800,45.463,45.446999999999996,0.0009,0.12
13.11.2023 06:54:24.254 GMT-0800,45.464,45.456,0.09,0.0009
13.11.2023 06:54:24.304 GMT-0800,45.483999999999995,45.466,0.12,0.12
13.11.2023 06:54:26.854 GMT-0800,45.504,45.466,0.12,0.12
13.11.2023 06:54:27.634 GMT-0800,45.483999999999995,45.466,0.0009,0.12
13.11.2023 06:54:27.685 GMT-0800,45.503,45.467,0.12,0.12
13.11.2023 06:54:28.358 GMT-0800,45.475,45.466,0.0009,0.09
13.11.2023 06:54:28.409 GMT-0800,45.483999999999995,45.456,0.12,0.12
13.11.2023 06:54:34.804 GMT-0800,45.474,45.456,0.0009,0.12
13.11.2023 06:54:34.905 GMT-0800,45.483000000000004,45.457,0.12,0.12
13.11.2023 06:54:35.122 GMT-0800,45.483999999999995,45.446000000000005,0.12,0.12
13.11.2023 06:54:35.197 GMT-0800,45.474,45.446000000000005,0.0009,0.12
13.11.2023 06:54:37.851 GMT-0800,45.464,45.446000000000005,0.0009,0.09
13.11.2023 06:54:37.902 GMT-0800,45.463,45.437,0.12,0.12
13.11.2023 06:54:38.003 GMT-0800,45.473000000000006,45.437,0.12,0.12
13.11.2023 06:54:38.224 GMT-0800,45.473000000000006,45.446999999999996,0.12,0.0009
13.11.2023 06:54:46.554 GMT-0800,45.463,45.446999999999996,0.0009,0.09
13.11.2023 06:54:46.662 GMT-0800,45.464,45.43600000000001,0.12,0.12
13.11.2023 06:54:49.855 GMT-0800,45.453,45.437,0.0009,0.09
13.11.2023 06:54:49.905 GMT-0800,45.453,45.427,0.12,0.12
13.11.2023 06:54:50.777 GMT-0800,45.443000000000005,45.417,0.12,0.12
13.11.2023 06:54:58.771 GMT-0800,45.443000000000005,45.427,0.09,0.0009
13.11.2023 06:54:58.822 GMT-0800,45.454,45.426,0.12,0.12
13.11.2023 06:55:01.332 GMT-0800,45.464,45.43600000000001,0.12,0.12
13.11.2023 06:55:02.437 GMT-0800,45.463,45.446999999999996,0.09,0.0009
13.11.2023 06:55:02.487 GMT-0800,45.474,45.446000000000005,0.12,0.12
13.11.2023 06:55:03.634 GMT-0800,45.474,45.43600000000001,0.12,0.12
13.11.2023 06:55:03.916 GMT-0800,45.463,45.437,0.0009,0.12
13.11.2023 06:55:04.040 GMT-0800,45.454,45.43600000000001,0.0009,0.12
13.11.2023 06:55:04.094 GMT-0800,45.463,45.437,0.0009,0.12
13.11.2023 06:55:04.159 GMT-0800,45.453,45.437,0.0009,0.12
13.11.2023 06:55:04.310 GMT-0800,45.464,45.43600000000001,0.12,0.12
13.11.2023 06:55:04.908 GMT-0800,45.454,45.43600000000001,0.0009,0.12
13.11.2023 06:55:05.073 GMT-0800,45.464,45.43600000000001,0.12,0.12
13.11.2023 06:55:05.169 GMT-0800,45.453,45.437,0.0009,0.12
13.11.2023 06:55:08.165 GMT-0800,45.443000000000005,45.437,0.0009,0.09
13.11.2023 06:55:08.216 GMT-0800,45.443000000000005,45.427,0.12,0.12
13.11.2023 06:55:08.387 GMT-0800,45.434,45.426,0.0009,0.09
13.11.2023 06:55:08.439 GMT-0800,45.443000000000005,45.427,0.12,0.09
13.11.2023 06:55:08.526 GMT-0800,45.443000000000005,45.417,0.12,0.12
13.11.2023 06:55:11.499 GMT-0800,45.454,45.416000000000004,0.12,0.12
13.11.2023 06:55:15.435 GMT-0800,45.443999999999996,45.416000000000004,0.0009,0.12
13.11.2023 06:55:15.598 GMT-0800,45.434,45.416000000000004,0.0009,0.12
13.11.2023 06:55:15.699 GMT-0800,45.453,45.417,0.12,0.12
13.11.2023 06:55:17.131 GMT-0800,45.433,45.417,0.0009,0.09
13.11.2023 06:55:17.182 GMT-0800,45.433,45.407,0.12,0.0009
13.11.2023 06:55:17.524 GMT-0800,45.434,45.416000000000004,0.12,0.0009
13.11.2023 06:55:17.680 GMT-0800,45.434,45.406000000000006,0.12,0.12
13.11.2023 06:55:20.010 GMT-0800,45.424,45.406000000000006,0.0009,0.12
13.11.2023 06:55:20.111 GMT-0800,45.424,45.39600000000001,0.12,0.12
13.11.2023 06:55:23.229 GMT-0800,45.413999999999994,45.39600000000001,0.0009,0.09
13.11.2023 06:55:23.280 GMT-0800,45.413999999999994,45.386,0.09,0.12
13.11.2023 06:55:23.381 GMT-0800,45.423,45.387,0.12,0.12
13.11.2023 06:55:23.431 GMT-0800,45.413999999999994,45.386,0.12,0.12
13.11.2023 06:55:24.338 GMT-0800,45.424,45.386,0.12,0.12
13.11.2023 06:55:24.481 GMT-0800,45.413000000000004,45.387,0.0009,0.12
13.11.2023 06:55:27.815 GMT-0800,45.403999999999996,45.386,0.0009,0.12
13.11.2023 06:55:31.685 GMT-0800,45.413000000000004,45.387,0.12,0.12
13.11.2023 06:55:31.775 GMT-0800,45.403000000000006,45.387,0.0009,0.12
13.11.2023 06:55:39.961 GMT-0800,45.403000000000006,45.397,0.09,0.0009
13.11.2023 06:55:40.012 GMT-0800,45.424,45.39600000000001,0.12,0.12
13.11.2023 06:55:40.117 GMT-0800,45.434,45.416000000000004,0.12,0.12
13.11.2023 06:55:41.106 GMT-0800,45.453,45.417,0.12,0.12
13.11.2023 06:55:41.257 GMT-0800,45.434,45.416000000000004,0.0009,0.12
13.11.2023 06:55:41.308 GMT-0800,45.454,45.416000000000004,0.12,0.12
13.11.2023 06:55:41.359 GMT-0800,45.434,45.416000000000004,0.12,0.12
13.11.2023 06:55:44.075 GMT-0800,45.443000000000005,45.417,0.12,0.12
13.11.2023 06:55:44.126 GMT-0800,45.443000000000005,45.427,0.12,0.12
13.11.2023 06:55:49.868 GMT-0800,45.453,45.427,0.12,0.12
13.11.2023 06:55:51.858 GMT-0800,45.458000000000006,45.446000000000005,0.09,0.0009
13.11.2023 06:55:51.908 GMT-0800,45.464,45.426,0.12,0.12
13.11.2023 06:55:52.418 GMT-0800,45.463,45.437,0.12,0.0009
13.11.2023 06:55:57.944 GMT-0800,45.453,45.437,0.0009,0.09
13.11.2023 06:55:57.994 GMT-0800,45.454,45.426,0.12,0.12
13.11.2023 06:55:58.645 GMT-0800,45.464,45.426,0.12,0.12
13.11.2023 06:55:58.785 GMT-0800,45.463,45.446999999999996,0.09,0.0009
13.11.2023 06:55:58.890 GMT-0800,45.513999999999996,45.446000000000005,0.12,0.12
13.11.2023 06:56:01.453 GMT-0800,45.465,45.446999999999996,0.0009,0.09
13.11.2023 06:56:01.504 GMT-0800,45.464,45.43600000000001,0.12,0.12
13.11.2023 06:56:01.681 GMT-0800,45.533,45.437,0.12,0.12
13.11.2023 06:56:01.858 GMT-0800,45.513000000000005,45.437,0.0009,0.12
13.11.2023 06:56:02.493 GMT-0800,45.463,45.437,0.0009,0.12
13.11.2023 06:56:04.133 GMT-0800,45.464,45.446000000000005,0.09,0.0009
13.11.2023 06:56:04.184 GMT-0800,45.513999999999996,45.446000000000005,0.12,0.12
13.11.2023 06:56:05.126 GMT-0800,45.513000000000005,45.457,0.12,0.0009
13.11.2023 06:56:05.278 GMT-0800,45.474,45.456,0.0009,0.0009
13.11.2023 06:56:05.969 GMT-0800,45.463,45.457,0.0009,0.09
13.11.2023 06:56:06.019 GMT-0800,45.474,45.446000000000005,0.12,0.12
13.11.2023 06:56:07.218 GMT-0800,45.473000000000006,45.457,0.09,0.0009
13.11.2023 06:56:07.269 GMT-0800,45.513000000000005,45.457,0.12,0.12
13.11.2023 06:56:07.740 GMT-0800,45.474,45.456,0.0009,0.09
13.11.2023 06:56:07.800 GMT-0800,45.473000000000006,45.446999999999996,0.12,0.12
13.11.2023 06:56:07.909 GMT-0800,45.513999999999996,45.446000000000005,0.12,0.12
13.11.2023 06:56:10.919 GMT-0800,45.513999999999996,45.456,0.12,0.0009
13.11.2023 06:56:11.020 GMT-0800,45.513000000000005,45.467,0.12,0.12
13.11.2023 06:56:11.262 GMT-0800,45.513000000000005,45.477,0.12,0.0009
13.11.2023 06:56:13.237 GMT-0800,45.513999999999996,45.486000000000004,0.12,0.0009
13.11.2023 06:56:13.396 GMT-0800,45.503,45.487,0.12,0.12
13.11.2023 06:56:13.567 GMT-0800,45.513000000000005,45.487,0.12,0.12
13.11.2023 06:56:28.964 GMT-0800,45.504,45.486000000000004,0.0009,0.12
13.11.2023 06:56:29.360 GMT-0800,45.505,45.496,0.09,0.0009
13.11.2023 06:56:29.411 GMT-0800,45.523999999999994,45.486000000000004,0.12,0.12
13.11.2023 06:56:29.512 GMT-0800,45.513999999999996,45.486000000000004,0.0009,0.12
13.11.2023 06:56:29.787 GMT-0800,45.513999999999996,45.476000000000006,0.12,0.12
13.11.2023 06:56:30.913 GMT-0800,45.523,45.477,0.12,0.12
13.11.2023 06:56:31.120 GMT-0800,45.533,45.477,0.12,0.12
13.11.2023 06:56:33.427 GMT-0800,45.504,45.476000000000006,0.0009,0.12
13.11.2023 06:56:36.088 GMT-0800,45.534,45.476000000000006,0.12,0.12
13.11.2023 06:56:36.448 GMT-0800,45.533,45.487,0.12,0.0009
13.11.2023 06:56:37.032 GMT-0800,45.533,45.497,0.12,0.0009
13.11.2023 06:56:37.133 GMT-0800,45.523,45.497,0.12,0.12
13.11.2023 06:56:37.595 GMT-0800,45.513000000000005,45.497,0.0009,0.09
13.11.2023 06:56:37.646 GMT-0800,45.513000000000005,45.487,0.12,0.12
13.11.2023 06:56:57.721 GMT-0800,45.513000000000005,45.497,0.09,0.0009
13.11.2023 06:56:57.772 GMT-0800,45.523,45.497,0.12,0.12
13.11.2023 06:56:57.873 GMT-0800,45.533,45.497,0.12,0.12
13.11.2023 06:56:57.986 GMT-0800,45.523,45.497,0.0009,0.12
13.11.2023 06:56:59.786 GMT-0800,45.513999999999996,45.496,0.0009,0.09
13.11.2023 06:56:59.837 GMT-0800,45.503,45.477,0.12,0.12
13.11.2023 06:57:00.100 GMT-0800,45.494,45.476000000000006,0.0009,0.09
13.11.2023 06:57:00.151 GMT-0800,45.493,45.467,0.12,0.12
13.11.2023 06:57:00.286 GMT-0800,45.483999999999995,45.466,0.0009,0.09
13.11.2023 06:57:00.337 GMT-0800,45.483000000000004,45.437,0.12,0.12
13.11.2023 06:57:00.408 GMT-0800,45.483999999999995,45.466,0.09,0.0009
13.11.2023 06:57:00.459 GMT-0800,45.494,45.466,0.12,0.12
13.11.2023 06:57:00.510 GMT-0800,45.494,45.426,0.12,0.12
13.11.2023 06:57:07.030 GMT-0800,45.474,45.43600000000001,0.0009,0.0009
13.11.2023 06:57:07.300 GMT-0800,45.464,45.446000000000005,0.0009,0.0009
13.11.2023 06:57:07.801 GMT-0800,45.463,45.437,0.12,0.12
13.11.2023 06:57:10.622 GMT-0800,45.464,45.446000000000005,0.12,0.12
13.11.2023 06:57:13.330 GMT-0800,45.464,45.456,0.09,0.0009
13.11.2023 06:57:13.380 GMT-0800,45.483000000000004,45.457,0.12,0.12
13.11.2023 06:57:17.691 GMT-0800,45.483000000000004,45.467,0.09,0.0009
13.11.2023 06:57:17.742 GMT-0800,45.494,45.466,0.12,0.12
13.11.2023 06:57:31.048 GMT-0800,45.493,45.477,0.09,0.0009
13.11.2023 06:57:31.098 GMT-0800,45.503,45.477,0.12,0.12
13.11.2023 06:57:31.149 GMT-0800,45.503,45.487,0.09,0.0009
13.11.2023 06:57:31.200 GMT-0800,45.513000000000005,45.487,0.12,0.12
13.11.2023 06:57:32.131 GMT-0800,45.503,45.487,0.0009,0.09
13.11.2023 06:57:32.182 GMT-0800,45.503,45.477,0.12,0.12
13.11.2023 06:57:32.556 GMT-0800,45.513999999999996,45.476000000000006,0.12,0.12
13.11.2023 06:57:35.074 GMT-0800,45.513000000000005,45.487,0.12,0.12
13.11.2023 06:57:35.766 GMT-0800,45.504,45.486000000000004,0.0009,0.12
13.11.2023 06:57:35.868 GMT-0800,45.513000000000005,45.487,0.12,0.12
13.11.2023 06:57:35.918 GMT-0800,45.504,45.476000000000006,0.12,0.12
13.11.2023 06:57:36.111 GMT-0800,45.513999999999996,45.476000000000006,0.12,0.12
13.11.2023 06:57:36.162 GMT-0800,45.504,45.476000000000006,0.09,0.12
13.11.2023 06:57:36.213 GMT-0800,45.513000000000005,45.477,0.12,0.12
13.11.2023 06:57:40.846 GMT-0800,45.504,45.476000000000006,0.0009,0.12
13.11.2023 06:57:45.064 GMT-0800,45.494,45.476000000000006,0.0009,0.09
13.11.2023 06:57:45.115 GMT-0800,45.493,45.467,0.12,0.12
13.11.2023 06:57:50.118 GMT-0800,45.504,45.466,0.12,0.12
13.11.2023 06:57:50.448 GMT-0800,45.503,45.495,0.09,0.0009
13.11.2023 06:57:50.499 GMT-0800,45.513999999999996,45.486000000000004,0.12,0.12
13.11.2023 06:57:51.214 GMT-0800,45.533,45.487,0.12,0.12
13.11.2023 06:57:52.433 GMT-0800,45.513000000000005,45.487,0.0009,0.12
13.11.2023 06:57:52.588 GMT-0800,45.533,45.487,0.12,0.12
13.11.2023 06:57:59.339 GMT-0800,45.513000000000005,45.487,0.0009,0.12
13.11.2023 06:57:59.769 GMT-0800,45.533,45.487,0.12,0.12
13.11.2023 06:58:00.192 GMT-0800,45.543,45.487,0.12,0.12
13.11.2023 06:58:00.536 GMT-0800,45.544,45.496,0.12,0.0009
13.11.2023 06:58:02.736 GMT-0800,45.533,45.507,0.0009,0.0009
13.11.2023 06:58:07.449 GMT-0800,45.593999999999994,45.50600000000001,0.12,0.12
13.11.2023 06:58:08.786 GMT-0800,45.653000000000006,45.507,0.12,0.12
13.11.2023 06:58:08.984 GMT-0800,45.534,45.50600000000001,0.0009,0.12
13.11.2023 06:58:10.258 GMT-0800,45.603,45.507,0.12,0.12
13.11.2023 06:58:11.132 GMT-0800,45.603,45.516999999999996,0.12,0.0009
13.11.2023 06:58:13.053 GMT-0800,45.54,45.516999999999996,0.0009,0.09
13.11.2023 06:58:13.104 GMT-0800,45.564,45.516000000000005,0.12,0.12
13.11.2023 06:58:14.142 GMT-0800,45.564,45.50600000000001,0.12,0.12
13.11.2023 06:58:14.246 GMT-0800,45.563,45.516999999999996,0.12,0.0009
13.11.2023 06:58:20.063 GMT-0800,45.553999999999995,45.516000000000005,0.0009,0.12
13.11.2023 06:58:26.455 GMT-0800,45.553000000000004,45.527,0.12,0.0009
13.11.2023 06:58:26.505 GMT-0800,45.553999999999995,45.516000000000005,0.12,0.12
13.11.2023 06:58:30.052 GMT-0800,45.553999999999995,45.526,0.12,0.0009
13.11.2023 06:58:33.168 GMT-0800,45.593,45.527,0.12,0.12
13.11.2023 06:58:33.332 GMT-0800,45.553000000000004,45.527,0.0009,0.12
13.11.2023 06:58:37.030 GMT-0800,45.593,45.527,0.12,0.12
13.11.2023 06:58:38.726 GMT-0800,45.553999999999995,45.526,0.0009,0.12
13.11.2023 06:58:40.878 GMT-0800,45.593,45.527,0.12,0.12
13.11.2023 06:58:41.083 GMT-0800,45.553999999999995,45.526,0.0009,0.12
13.11.2023 06:58:41.193 GMT-0800,45.593999999999994,45.526,0.12,0.12
13.11.2023 06:58:41.742 GMT-0800,45.553000000000004,45.527,0.0009,0.12
13.11.2023 06:58:42.439 GMT-0800,45.593,45.527,0.12,0.12
13.11.2023 06:58:44.997 GMT-0800,45.553999999999995,45.526,0.0009,0.12
13.11.2023 06:58:45.208 GMT-0800,45.545,45.526,0.0009,0.09
13.11.2023 06:58:45.259 GMT-0800,45.543,45.516999999999996,0.12,0.12
13.11.2023 06:58:46.115 GMT-0800,45.533,45.516999999999996,0.0009,0.12
13.11.2023 06:58:46.703 GMT-0800,45.533,45.507,0.12,0.12
13.11.2023 06:58:47.700 GMT-0800,45.543,45.507,0.12,0.12
13.11.2023 06:58:49.312 GMT-0800,45.534,45.50600000000001,0.0009,0.12
13.11.2023 06:58:50.103 GMT-0800,45.544,45.50600000000001,0.12,0.12
13.11.2023 06:58:51.066 GMT-0800,45.544,45.516000000000005,0.12,0.0009
13.11.2023 06:58:51.734 GMT-0800,45.553999999999995,45.516000000000005,0.12,0.12
13.11.2023 06:58:52.678 GMT-0800,45.544,45.516000000000005,0.0009,0.12
13.11.2023 06:58:53.484 GMT-0800,45.553000000000004,45.516999999999996,0.12,0.12
13.11.2023 06:58:55.286 GMT-0800,45.543,45.527,0.12,0.12
13.11.2023 06:58:55.337 GMT-0800,45.553999999999995,45.526,0.12,0.12
13.11.2023 06:59:02.727 GMT-0800,45.543,45.527,0.0009,0.09
13.11.2023 06:59:02.778 GMT-0800,45.544,45.516000000000005,0.12,0.12
13.11.2023 06:59:05.589 GMT-0800,45.544,45.526,0.09,0.0009
13.11.2023 06:59:05.639 GMT-0800,45.553999999999995,45.526,0.12,0.12
13.11.2023 06:59:08.374 GMT-0800,45.544,45.526,0.0009,0.12
13.11.2023 06:59:08.424 GMT-0800,45.553000000000004,45.527,0.12,0.12
13.11.2023 06:59:09.631 GMT-0800,45.544,45.526,0.0009,0.12
13.11.2023 06:59:10.686 GMT-0800,45.533,45.527,0.0009,0.09
13.11.2023 06:59:10.737 GMT-0800,45.534,45.50600000000001,0.12,0.12
13.11.2023 06:59:10.788 GMT-0800,45.534,45.516000000000005,0.12,0.12
13.11.2023 06:59:12.525 GMT-0800,45.533,45.507,0.12,0.12
13.11.2023 06:59:17.980 GMT-0800,45.534,45.516000000000005,0.09,0.0009
13.11.2023 06:59:18.081 GMT-0800,45.543,45.516999999999996,0.12,0.12
13.11.2023 06:59:21.082 GMT-0800,45.534,45.516000000000005,0.0009,0.12
13.11.2023 06:59:21.184 GMT-0800,45.543,45.516999999999996,0.12,0.12
13.11.2023 06:59:22.471 GMT-0800,45.553000000000004,45.516999999999996,0.12,0.12
13.11.2023 06:59:28.378 GMT-0800,45.553000000000004,45.537,0.12,0.0009
13.11.2023 06:59:28.431 GMT-0800,45.553999999999995,45.526,0.12,0.12
13.11.2023 06:59:29.866 GMT-0800,45.553999999999995,45.536,0.12,0.0009
13.11.2023 06:59:30.433 GMT-0800,45.553999999999995,45.526,0.12,0.12
13.11.2023 06:59:34.535 GMT-0800,45.543,45.527,0.0009,0.09
13.11.2023 06:59:34.586 GMT-0800,45.543,45.516999999999996,0.12,0.12
13.11.2023 06:59:34.905 GMT-0800,45.553000000000004,45.516999999999996,0.12,0.12
13.11.2023 06:59:35.130 GMT-0800,45.543,45.516999999999996,0.0009,0.12
13.11.2023 06:59:35.231 GMT-0800,45.553000000000004,45.516999999999996,0.12,0.12
13.11.2023 06:59:53.194 GMT-0800,45.533,45.516999999999996,0.0009,0.12
13.11.2023 06:59:53.245 GMT-0800,45.543,45.516999999999996,0.12,0.12
13.11.2023 06:59:55.447 GMT-0800,45.553999999999995,45.516000000000005,0.12,0.12
13.11.2023 06:59:56.803 GMT-0800,45.544,45.526,0.0009,0.0009
13.11.2023 06:59:57.337 GMT-0800,45.553999999999995,45.526,0.12,0.12
13.11.2023 06:59:58.073 GMT-0800,45.543,45.527,0.0009,0.12
13.11.2023 06:59:58.522 GMT-0800,45.553999999999995,45.526,0.12,0.12
13.11.2023 07:00:00.050 GMT-0800,45.544,45.526,0.0009,0.12
13.11.2023 07:00:00.102 GMT-0800,45.533,45.516999999999996,0.1,0.09
13.11.2023 07:00:00.154 GMT-0800,45.534,45.516000000000005,0.12,0.09
13.11.2023 07:00:00.312 GMT-0800,45.533,45.507,0.12,0.12
13.11.2023 07:00:04.715 GMT-0800,45.523999999999994,45.50600000000001,0.0009,0.12
13.11.2023 07:00:07.646 GMT-0800,45.534,45.50600000000001,0.12,0.12
13.11.2023 07:00:10.067 GMT-0800,45.523999999999994,45.50600000000001,0.0009,0.12
13.11.2023 07:00:10.117 GMT-0800,45.513000000000005,45.477,0.12,0.12
13.11.2023 07:00:10.519 GMT-0800,45.513999999999996,45.486000000000004,0.12,0.0009
13.11.2023 07:00:10.912 GMT-0800,45.504,45.486000000000004,0.0009,0.09
13.11.2023 07:00:11.013 GMT-0800,45.504,45.476000000000006,0.12,0.12
13.11.2023 07:00:12.453 GMT-0800,45.493,45.477,0.0009,0.09
13.11.2023 07:00:12.504 GMT-0800,45.503,45.477,0.12,0.09
13.11.2023 07:00:12.611 GMT-0800,45.503,45.467,0.12,0.12
13.11.2023 07:00:13.471 GMT-0800,45.504,45.476000000000006,0.12,0.12
13.11.2023 07:00:13.521 GMT-0800,45.504,45.466,0.12,0.12
13.11.2023 07:00:13.621 GMT-0800,45.483999999999995,45.466,0.0009,0.12
13.11.2023 07:00:13.784 GMT-0800,45.494,45.466,0.12,0.12
13.11.2023 07:00:17.542 GMT-0800,45.483999999999995,45.446000000000005,0.12,0.12
13.11.2023 07:00:17.652 GMT-0800,45.483000000000004,45.467,0.09,0.0009
13.11.2023 07:00:17.703 GMT-0800,45.493,45.467,0.12,0.12
13.11.2023 07:00:18.101 GMT-0800,45.483000000000004,45.467,0.0009,0.12
13.11.2023 07:00:18.151 GMT-0800,45.483000000000004,45.446999999999996,0.12,0.12
13.11.2023 07:00:19.271 GMT-0800,45.483000000000004,45.457,0.12,0.0009
13.11.2023 07:00:19.322 GMT-0800,45.483999999999995,45.446000000000005,0.12,0.12
13.11.2023 07:00:19.372 GMT-0800,45.483999999999995,45.456,0.12,0.0009
13.11.2023 07:00:21.129 GMT-0800,45.474,45.456,0.0009,0.12
13.11.2023 07:00:21.285 GMT-0800,45.474,45.416000000000004,0.12,0.12
13.11.2023 07:00:22.553 GMT-0800,45.463,45.446999999999996,0.0009,0.0009
13.11.2023 07:00:24.424 GMT-0800,45.464,45.43600000000001,0.12,0.12
13.11.2023 07:00:27.583 GMT-0800,45.464,45.446000000000005,0.12,0.0009
13.11.2023 07:00:30.985 GMT-0800,45.463,45.437,0.12,0.12
13.11.2023 07:00:31.620 GMT-0800,45.454,45.43600000000001,0.0009,0.12
13.11.2023 07:00:31.722 GMT-0800,45.454,45.426,0.12,0.12
13.11.2023 07:00:33.467 GMT-0800,45.443000000000005,45.427,0.0009,0.09
13.11.2023 07:00:33.568 GMT-0800,45.443000000000005,45.417,0.12,0.12
13.11.2023 07:00:35.130 GMT-0800,45.443999999999996,45.426,0.12,0.0009
13.11.2023 07:00:35.181 GMT-0800,45.443000000000005,45.417,0.12,0.12
13.11.2023 07:00:39.441 GMT-0800,45.433,45.417,0.0009,0.12
13.11.2023 07:00:40.284 GMT-0800,45.443999999999996,45.416000000000004,0.12,0.12
13.11.2023 07:00:43.245 GMT-0800,45.443000000000005,45.427,0.09,0.0009
13.11.2023 07:00:43.296 GMT-0800,45.453,45.427,0.12,0.12
13.11.2023 07:00:44.175 GMT-0800,45.453,45.437,0.09,0.0009
13.11.2023 07:00:44.225 GMT-0800,45.463,45.437,0.12,0.12
13.11.2023 07:00:45.285 GMT-0800,45.454,45.43600000000001,0.0009,0.09
13.11.2023 07:00:45.336 GMT-0800,45.453,45.427,0.12,0.12
13.11.2023 07:00:46.472 GMT-0800,45.453,45.437,0.09,0.0009
13.11.2023 07:00:46.523 GMT-0800,45.453,45.427,0.12,0.12
13.11.2023 07:00:49.624 GMT-0800,45.443000000000005,45.427,0.0009,0.12
13.11.2023 07:00:49.676 GMT-0800,45.454,45.426,0.12,0.12
13.11.2023 07:00:51.021 GMT-0800,45.454,45.43600000000001,0.12,0.0009
13.11.2023 07:00:51.455 GMT-0800,45.463,45.437,0.12,0.12
13.11.2023 07:00:51.901 GMT-0800,45.453,45.437,0.0009,0.12
13.11.2023 07:00:52.433 GMT-0800,45.443000000000005,45.427,0.12,0.12
13.11.2023 07:00:52.710 GMT-0800,45.443000000000005,45.417,0.12,0.12
13.11.2023 07:00:52.839 GMT-0800,45.443999999999996,45.426,0.12,0.0009
13.11.2023 07:00:52.890 GMT-0800,45.454,45.426,0.12,0.12
13.11.2023 07:00:53.304 GMT-0800,45.443000000000005,45.427,0.0009,0.09
13.11.2023 07:00:53.354 GMT-0800,45.443999999999996,45.416000000000004,0.12,0.12
13.11.2023 07:00:55.719 GMT-0800,45.443999999999996,45.426,0.09,0.0009
13.11.2023 07:00:55.770 GMT-0800,45.453,45.427,0.12,0.12
13.11.2023 07:00:55.890 GMT-0800,45.443000000000005,45.417,0.12,0.12
13.11.2023 07:00:56.008 GMT-0800,45.453,45.417,0.12,0.12
13.11.2023 07:00:57.154 GMT-0800,45.453,45.427,0.12,0.0009
13.11.2023 07:00:57.255 GMT-0800,45.443999999999996,45.426,0.0009,0.09
13.11.2023 07:00:57.305 GMT-0800,45.443000000000005,45.417,0.12,0.12
13.11.2023 07:00:57.815 GMT-0800,45.443999999999996,45.426,0.09,0.0009
13.11.2023 07:00:57.865 GMT-0800,45.453,45.427,0.12,0.12
13.11.2023 07:01:00.113 GMT-0800,45.454,45.416000000000004,0.12,0.12
13.11.2023 07:01:00.245 GMT-0800,45.453,45.427,0.12,0.0009
13.11.2023 07:01:00.503 GMT-0800,45.463,45.437,0.12,0.12
13.11.2023 07:01:00.656 GMT-0800,45.463,45.427,0.12,0.12
13.11.2023 07:01:00.772 GMT-0800,45.453,45.427,0.0009,0.12
13.11.2023 07:01:00.925 GMT-0800,45.453,45.437,0.09,0.0009
13.11.2023 07:01:01.026 GMT-0800,45.463,45.437,0.12,0.12
13.11.2023 07:01:01.077 GMT-0800,45.463,45.427,0.12,0.12
13.11.2023 07:01:01.325 GMT-0800,45.453,45.427,0.0009,0.12
13.11.2023 07:01:01.376 GMT-0800,45.463,45.427,0.12,0.12
13.11.2023 07:01:01.695 GMT-0800,45.463,45.437,0.12,0.0009
13.11.2023 07:01:02.910 GMT-0800,45.453,45.437,0.0009,0.09
13.11.2023 07:01:02.961 GMT-0800,45.463,45.437,0.12,0.12
13.11.2023 07:01:03.062 GMT-0800,45.463,45.427,0.12,0.12
13.11.2023 07:01:03.166 GMT-0800,45.464,45.43600000000001,0.12,0.0009
13.11.2023 07:01:03.342 GMT-0800,45.454,45.43600000000001,0.0009,0.09
13.11.2023 07:01:03.393 GMT-0800,45.454,45.426,0.12,0.12
13.11.2023 07:01:09.200 GMT-0800,45.463,45.427,0.12,0.12
13.11.2023 07:01:09.310 GMT-0800,45.464,45.446000000000005,0.12,0.0009
13.11.2023 07:01:10.286 GMT-0800,45.463,45.437,0.12,0.12
13.11.2023 07:01:10.746 GMT-0800,45.464,45.446000000000005,0.12,0.0009
13.11.2023 07:01:14.036 GMT-0800,45.463,45.437,0.12,0.12
13.11.2023 07:01:14.207 GMT-0800,45.463,45.446999999999996,0.12,0.0009
