Local time,Ask,Bid,AskVolume,BidVolume
13.11.2023 06:30:02.563 GMT-0800,665.57,658.32,0.0132,0.0132
13.11.2023 06:30:02.651 GMT-0800,662.99,658.32,0.0009,0.0132
13.11.2023 06:30:02.702 GMT-0800,665.57,658.32,0.0132,0.0132
13.11.2023 06:30:02.826 GMT-0800,662.89,658.32,0.0009,0.0132
13.11.2023 06:30:04.032 GMT-0800,665.57,658.32,0.009,0.0132
13.11.2023 06:30:04.399 GMT-0800,666.34,658.32,0.0132,0.0132
13.11.2023 06:30:06.980 GMT-0800,662.88,658.32,0.0009,0.0132
13.11.2023 06:30:07.518 GMT-0800,663.13,658.32,0.0132,0.0132
13.11.2023 06:30:07.628 GMT-0800,662.88,658.32,0.0009,0.0132
13.11.2023 06:30:07.928 GMT-0800,663.13,658.3100000000001,0.0132,0.0132
13.11.2023 06:30:08.015 GMT-0800,662.88,658.3100000000001,0.0009,0.0132
13.11.2023 06:30:08.065 GMT-0800,664.66,658.3100000000001,0.0132,0.0132
13.11.2023 06:30:12.395 GMT-0800,664.66,658.64,0.0132,0.0009
13.11.2023 06:30:15.382 GMT-0800,664.66,658.63,0.0132,0.0132
13.11.2023 06:30:29.797 GMT-0800,664.66,659.15,0.0132,0.0009
13.11.2023 06:30:30.120 GMT-0800,662.88,659.15,0.0009,0.009
13.11.2023 06:30:30.171 GMT-0800,663.13,659.14,0.0132,0.0132
13.11.2023 06:30:30.736 GMT-0800,664.66,659.14,0.0132,0.0132
13.11.2023 06:30:59.796 GMT-0800,662.88,659.22,0.0009,0.0009
13.11.2023 06:31:00.043 GMT-0800,663.14,659.22,0.0009,0.0009
13.11.2023 06:31:01.131 GMT-0800,664.66,659.22,0.0132,0.0132
13.11.2023 06:31:05.564 GMT-0800,663.14,659.22,0.0009,0.0132
13.11.2023 06:31:07.020 GMT-0800,662.88,659.22,0.0009,0.0132
13.11.2023 06:31:07.071 GMT-0800,663.14,659.22,0.0132,0.0132
13.11.2023 06:31:08.037 GMT-0800,662.89,659.22,0.0009,0.0132
13.11.2023 06:31:08.352 GMT-0800,663.14,659.22,0.0132,0.0132
13.11.2023 06:31:08.935 GMT-0800,662.88,659.22,0.0009,0.0132
13.11.2023 06:31:08.986 GMT-0800,663.14,659.22,0.0132,0.0132
13.11.2023 06:31:09.297 GMT-0800,663.14,659.21,0.0132,0.0132
13.11.2023 06:31:09.420 GMT-0800,664.66,659.21,0.0132,0.0132
13.11.2023 06:31:09.775 GMT-0800,664.66,659.22,0.0132,0.0009
13.11.2023 06:31:15.481 GMT-0800,663.14,659.22,0.0009,0.0132
13.11.2023 06:31:15.532 GMT-0800,664.66,659.22,0.0132,0.0132
13.11.2023 06:31:18.367 GMT-0800,663.14,659.22,0.0009,0.0132
13.11.2023 06:31:18.771 GMT-0800,664.66,659.22,0.0132,0.0132
13.11.2023 06:31:21.585 GMT-0800,664.66,659.21,0.0132,0.0132
13.11.2023 06:31:22.015 GMT-0800,664.66,659.22,0.0132,0.0009
13.11.2023 06:31:23.937 GMT-0800,662.89,659.22,0.0009,0.009
13.11.2023 06:31:24.091 GMT-0800,662.89,659.21,0.0132,0.0132
13.11.2023 06:31:26.028 GMT-0800,662.89,659.95,0.0132,0.0009
13.11.2023 06:31:26.079 GMT-0800,662.89,659.22,0.0132,0.0132
13.11.2023 06:31:28.271 GMT-0800,662.9,659.21,0.0132,0.0132
13.11.2023 06:31:28.520 GMT-0800,662.9,660.02,0.0132,0.0009
13.11.2023 06:31:28.870 GMT-0800,662.88,660.02,0.0009,0.0132
13.11.2023 06:31:29.244 GMT-0800,662.9,660.02,0.0132,0.0132
13.11.2023 06:31:31.880 GMT-0800,662.89,660.02,0.0009,0.0132
13.11.2023 06:31:32.933 GMT-0800,661.42,660.02,0.0009,0.0132
13.11.2023 06:31:32.984 GMT-0800,662.89,660.02,0.0132,0.0132
13.11.2023 06:31:45.397 GMT-0800,662.88,660.02,0.0009,0.0132
13.11.2023 06:31:45.499 GMT-0800,662.9,660.02,0.0132,0.0132
13.11.2023 06:31:46.050 GMT-0800,662.88,660.02,0.0009,0.0132
13.11.2023 06:31:46.152 GMT-0800,662.9,660.02,0.0132,0.0132
13.11.2023 06:31:48.397 GMT-0800,662.89,660.02,0.0009,0.0132
13.11.2023 06:31:54.184 GMT-0800,662.9,660.02,0.0132,0.0132
13.11.2023 06:31:57.769 GMT-0800,662.9,659.14,0.0132,0.0132
13.11.2023 06:32:01.793 GMT-0800,662.9,659.22,0.0132,0.0009
13.11.2023 06:32:01.844 GMT-0800,662.89,659.14,0.0132,0.0132
13.11.2023 06:32:01.895 GMT-0800,662.9,659.14,0.0132,0.0132
13.11.2023 06:32:08.153 GMT-0800,662.89,659.14,0.0009,0.0132
13.11.2023 06:32:09.168 GMT-0800,662.89,658.63,0.0132,0.0132
13.11.2023 06:32:09.487 GMT-0800,662.9,658.63,0.0132,0.0132
13.11.2023 06:32:10.989 GMT-0800,662.89,658.63,0.0009,0.0132
13.11.2023 06:32:11.039 GMT-0800,662.9,658.63,0.0132,0.0132
13.11.2023 06:32:18.667 GMT-0800,662.88,658.63,0.0009,0.0132
13.11.2023 06:32:18.768 GMT-0800,662.9,658.63,0.0132,0.0132
13.11.2023 06:32:24.524 GMT-0800,662.88,658.63,0.0009,0.0132
13.11.2023 06:32:24.575 GMT-0800,662.89,658.63,0.0132,0.0132
13.11.2023 06:32:24.884 GMT-0800,662.9,658.63,0.0132,0.0132
13.11.2023 06:32:25.833 GMT-0800,662.89,658.63,0.0009,0.0132
13.11.2023 06:32:26.187 GMT-0800,662.9,658.63,0.0132,0.0132
13.11.2023 06:32:31.554 GMT-0800,662.87,658.63,0.0009,0.0132
13.11.2023 06:32:31.656 GMT-0800,662.9,658.63,0.0132,0.0132
13.11.2023 06:32:33.615 GMT-0800,662.87,658.63,0.0009,0.0132
13.11.2023 06:32:33.869 GMT-0800,662.9,658.63,0.0132,0.0132
13.11.2023 06:32:42.035 GMT-0800,662.88,658.63,0.0009,0.0132
13.11.2023 06:32:42.137 GMT-0800,662.9,658.63,0.0132,0.0132
13.11.2023 06:32:42.323 GMT-0800,662.87,658.63,0.0009,0.0132
13.11.2023 06:32:44.438 GMT-0800,662.9,658.63,0.0132,0.0132
13.11.2023 06:32:44.658 GMT-0800,662.88,658.63,0.0009,0.0132
13.11.2023 06:32:48.694 GMT-0800,662.9,658.63,0.0132,0.0132
13.11.2023 06:32:49.554 GMT-0800,662.88,658.63,0.0009,0.0132
13.11.2023 06:32:52.310 GMT-0800,662.9,658.63,0.0132,0.0132
13.11.2023 06:32:53.999 GMT-0800,662.88,658.63,0.0009,0.0132
13.11.2023 06:32:56.399 GMT-0800,662.9,658.63,0.0132,0.0132
13.11.2023 06:32:57.477 GMT-0800,662.88,658.63,0.0009,0.0132
13.11.2023 06:32:57.889 GMT-0800,662.88,658.98,0.0132,0.0009
13.11.2023 06:32:57.990 GMT-0800,662.88,658.63,0.0132,0.0132
13.11.2023 06:32:58.788 GMT-0800,662.88,658.99,0.0132,0.0009
13.11.2023 06:32:58.890 GMT-0800,662.88,658.63,0.0132,0.0132
13.11.2023 06:33:05.963 GMT-0800,662.88,660.2,0.0132,0.0009
13.11.2023 06:33:22.449 GMT-0800,662.9,660.2,0.0132,0.0132
13.11.2023 06:33:23.440 GMT-0800,661.1800000000001,660.2,0.0009,0.0132
13.11.2023 06:33:23.541 GMT-0800,660.73,658.63,0.0132,0.0132
13.11.2023 06:33:23.851 GMT-0800,661.17,658.34,0.0132,0.0132
13.11.2023 06:33:24.046 GMT-0800,661.17,658.3100000000001,0.0132,0.0132
13.11.2023 06:33:24.451 GMT-0800,661.1800000000001,658.3100000000001,0.0132,0.0132
13.11.2023 06:33:24.741 GMT-0800,660.35,658.3100000000001,0.0009,0.0132
13.11.2023 06:33:24.792 GMT-0800,661.1800000000001,658.3100000000001,0.0132,0.0132
13.11.2023 06:34:08.626 GMT-0800,661.12,658.3100000000001,0.0009,0.0132
13.11.2023 06:34:12.273 GMT-0800,660.51,658.3100000000001,0.0009,0.0132
13.11.2023 06:34:51.069 GMT-0800,659.96,658.26,0.0009,0.0009
13.11.2023 06:34:51.120 GMT-0800,660.51,658.26,0.0132,0.0132
13.11.2023 06:35:02.665 GMT-0800,661.12,658.26,0.0132,0.0132
13.11.2023 06:35:08.900 GMT-0800,661.12,657.86,0.0132,0.0132
13.11.2023 06:35:25.207 GMT-0800,661.12,657.8100000000001,0.0132,0.0132
13.11.2023 06:35:31.465 GMT-0800,660.01,657.8100000000001,0.0009,0.0132
13.11.2023 06:35:34.331 GMT-0800,660.01,657.97,0.0132,0.0009
13.11.2023 06:35:36.014 GMT-0800,660.01,657.98,0.0132,0.0009
13.11.2023 06:35:37.076 GMT-0800,660.01,658.41,0.0132,0.0009
13.11.2023 06:35:52.349 GMT-0800,660.01,657.97,0.0132,0.0132
13.11.2023 06:35:53.773 GMT-0800,660.01,658.04,0.0132,0.0009
13.11.2023 06:36:02.963 GMT-0800,660.01,658.35,0.0132,0.0009
13.11.2023 06:36:03.606 GMT-0800,659.74,658.35,0.0009,0.0132
13.11.2023 06:36:25.355 GMT-0800,659.74,657.96,0.0132,0.0132
13.11.2023 06:36:29.591 GMT-0800,659.74,657.97,0.0132,0.0009
13.11.2023 06:36:45.225 GMT-0800,659.74,657.96,0.0132,0.0132
13.11.2023 06:37:00.650 GMT-0800,659.74,657.97,0.0132,0.0009
13.11.2023 06:37:10.622 GMT-0800,659.74,657.99,0.0132,0.0009
13.11.2023 06:37:46.007 GMT-0800,659.14,657.99,0.0009,0.0132
13.11.2023 06:37:46.058 GMT-0800,659.74,657.99,0.0132,0.0132
13.11.2023 06:38:10.153 GMT-0800,659.74,657.97,0.0132,0.0132
13.11.2023 06:38:13.129 GMT-0800,659.74,658.17,0.0132,0.0009
13.11.2023 06:39:20.008 GMT-0800,659.74,658.79,0.0132,0.0009
13.11.2023 06:39:20.058 GMT-0800,659.74,658.62,0.0132,0.0132
13.11.2023 06:39:22.039 GMT-0800,659.74,659.28,0.009,0.0009
13.11.2023 06:39:22.089 GMT-0800,661.01,659.28,0.0132,0.0132
13.11.2023 06:39:22.141 GMT-0800,661.01,658.9,0.0132,0.0132
13.11.2023 06:39:22.242 GMT-0800,661.12,658.9,0.0132,0.0132
13.11.2023 06:39:22.683 GMT-0800,660.8100000000001,658.9,0.0009,0.0132
13.11.2023 06:39:23.045 GMT-0800,661.12,658.9,0.0132,0.0132
13.11.2023 06:39:24.071 GMT-0800,660.8100000000001,658.9,0.0009,0.0132
13.11.2023 06:39:24.173 GMT-0800,661.01,658.9,0.009,0.0132
13.11.2023 06:39:25.039 GMT-0800,660.8100000000001,658.9,0.0009,0.0132
13.11.2023 06:39:25.190 GMT-0800,661.11,658.9,0.0132,0.0132
13.11.2023 06:39:25.340 GMT-0800,661.12,658.9,0.0132,0.0132
13.11.2023 06:39:26.429 GMT-0800,661.11,658.9,0.0009,0.0132
13.11.2023 06:39:28.409 GMT-0800,661.12,658.9,0.0132,0.0132
13.11.2023 06:39:29.307 GMT-0800,661.1,658.9,0.0009,0.0132
13.11.2023 06:39:29.411 GMT-0800,661.12,658.9,0.0132,0.0132
13.11.2023 06:39:35.208 GMT-0800,661.1,658.9,0.0009,0.0132
13.11.2023 06:39:36.053 GMT-0800,661.1,658.91,0.009,0.0009
13.11.2023 06:39:42.347 GMT-0800,661.11,659.48,0.0132,0.0132
13.11.2023 06:39:52.500 GMT-0800,661.11,658.92,0.0132,0.0132
13.11.2023 06:39:55.424 GMT-0800,661.11,659.95,0.0132,0.0009
13.11.2023 06:39:55.475 GMT-0800,661.11,659.21,0.0132,0.0132
13.11.2023 06:39:55.569 GMT-0800,661.11,659.5500000000001,0.0132,0.0009
13.11.2023 06:39:55.887 GMT-0800,661.11,659.76,0.0132,0.0009
13.11.2023 06:39:55.938 GMT-0800,661.11,659.5500000000001,0.0132,0.0132
13.11.2023 06:40:11.100 GMT-0800,661.11,659.5600000000001,0.0132,0.0009
13.11.2023 06:40:29.112 GMT-0800,661.11,659.57,0.0132,0.0009
13.11.2023 06:40:33.687 GMT-0800,661.11,659.74,0.0132,0.0009
13.11.2023 06:40:45.837 GMT-0800,661.11,659.75,0.0132,0.0009
13.11.2023 06:40:52.284 GMT-0800,661.11,659.91,0.0132,0.0009
13.11.2023 06:41:05.425 GMT-0800,661.11,660.69,0.009,0.0009
13.11.2023 06:41:05.577 GMT-0800,661.39,660.69,0.0132,0.0132
13.11.2023 06:41:05.838 GMT-0800,661.39,660.3100000000001,0.0132,0.0132
13.11.2023 06:41:05.889 GMT-0800,661.39,660.74,0.0132,0.0132
13.11.2023 06:41:05.940 GMT-0800,661.39,660.32,0.0132,0.0132
13.11.2023 06:41:06.357 GMT-0800,661.39,660.3100000000001,0.0132,0.0132
13.11.2023 06:41:11.911 GMT-0800,661.39,660.39,0.0132,0.0009
13.11.2023 06:41:15.786 GMT-0800,661.1,660.39,0.0009,0.0132
13.11.2023 06:41:15.837 GMT-0800,661.39,660.39,0.0132,0.0132
13.11.2023 06:41:29.206 GMT-0800,660.79,660.03,0.0009,0.013
13.11.2023 06:41:29.257 GMT-0800,661.38,660.03,0.0009,0.013
13.11.2023 06:41:29.308 GMT-0800,661.38,660.03,0.0132,0.0132
13.11.2023 06:41:30.263 GMT-0800,661.39,660.03,0.0132,0.0132
13.11.2023 06:41:31.380 GMT-0800,660.59,660.03,0.0009,0.0132
13.11.2023 06:41:31.431 GMT-0800,661.39,660.03,0.0132,0.0132
13.11.2023 06:41:57.763 GMT-0800,661.39,660.39,0.0132,0.0009
13.11.2023 06:42:03.696 GMT-0800,660.9300000000001,660.23,0.0009,0.013
13.11.2023 06:42:03.746 GMT-0800,660.9300000000001,660.23,0.0132,0.0132
13.11.2023 06:42:04.216 GMT-0800,661.38,660.23,0.0132,0.0132
13.11.2023 06:42:05.168 GMT-0800,660.535,660.03,0.0009,0.013
13.11.2023 06:42:05.219 GMT-0800,661.38,660.03,0.0132,0.0132
13.11.2023 06:42:06.751 GMT-0800,661.39,660.03,0.0132,0.0132
13.11.2023 06:42:22.657 GMT-0800,661.39,659.72,0.0132,0.0132
13.11.2023 06:42:24.809 GMT-0800,661.39,659.78,0.0132,0.0009
13.11.2023 06:42:30.409 GMT-0800,660.253,659.63,0.0009,0.013
13.11.2023 06:42:30.460 GMT-0800,660.255,659.63,0.0009,0.013
13.11.2023 06:42:30.511 GMT-0800,660.22,659.63,0.0132,0.0132
13.11.2023 06:42:30.584 GMT-0800,660.22,659.8100000000001,0.0132,0.0009
13.11.2023 06:42:34.222 GMT-0800,660.22,659.63,0.0132,0.0132
13.11.2023 06:42:40.587 GMT-0800,660.02,659.63,0.0009,0.0132
13.11.2023 06:42:40.742 GMT-0800,660.22,659.4,0.009,0.013
13.11.2023 06:42:40.863 GMT-0800,661.39,659.4,0.0132,0.0132
13.11.2023 06:42:41.577 GMT-0800,660.65,659.4,0.0009,0.0132
13.11.2023 06:42:42.643 GMT-0800,660.07,658.24,0.0009,0.013
13.11.2023 06:42:42.719 GMT-0800,660.07,658.24,0.0132,0.0132
13.11.2023 06:42:43.008 GMT-0800,660.07,658.44,0.009,0.0009
13.11.2023 06:42:43.058 GMT-0800,660.57,658.44,0.0132,0.0132
13.11.2023 06:43:00.625 GMT-0800,660.57,658.45,0.0132,0.0009
13.11.2023 06:43:00.932 GMT-0800,660,658.45,0.0009,0.0132
13.11.2023 06:43:05.223 GMT-0800,660.57,658.45,0.0132,0.0132
13.11.2023 06:43:25.638 GMT-0800,660.57,658.46,0.0132,0.0009
13.11.2023 06:43:42.486 GMT-0800,660.57,658.45,0.0132,0.0132
13.11.2023 06:43:51.830 GMT-0800,660.57,659.34,0.0132,0.0009
13.11.2023 06:43:51.880 GMT-0800,660.57,659.25,0.0132,0.0009
13.11.2023 06:44:09.426 GMT-0800,660.57,658.63,0.0132,0.0132
13.11.2023 06:44:25.126 GMT-0800,660.57,658.64,0.0132,0.0009
13.11.2023 06:44:29.557 GMT-0800,660.09,658.64,0.0009,0.0132
13.11.2023 06:44:29.608 GMT-0800,660.57,658.64,0.0132,0.0132
13.11.2023 06:44:40.199 GMT-0800,660.57,658.63,0.0132,0.0132
13.11.2023 06:45:00.243 GMT-0800,660.57,658.33,0.0132,0.0132
13.11.2023 06:45:15.290 GMT-0800,660.57,658.32,0.0132,0.0132
13.11.2023 06:45:19.291 GMT-0800,660.57,658.44,0.0132,0.0009
13.11.2023 06:45:35.209 GMT-0800,660.57,658.4300000000001,0.0132,0.0132
13.11.2023 06:45:40.269 GMT-0800,660.57,658.44,0.0132,0.0009
13.11.2023 06:45:46.043 GMT-0800,659.8100000000001,658.44,0.0009,0.0132
13.11.2023 06:45:46.094 GMT-0800,660.57,658.4300000000001,0.0132,0.0132
13.11.2023 06:45:50.444 GMT-0800,660.57,658.32,0.0132,0.0132
13.11.2023 06:46:02.192 GMT-0800,660.57,658.3100000000001,0.0132,0.0132
13.11.2023 06:46:07.072 GMT-0800,660.57,658.32,0.0132,0.0009
13.11.2023 06:46:22.828 GMT-0800,660.57,658.3100000000001,0.0132,0.0132
13.11.2023 06:46:32.276 GMT-0800,660.57,658.33,0.0132,0.0009
13.11.2023 06:46:37.525 GMT-0800,660.57,658.3100000000001,0.0132,0.0132
13.11.2023 06:46:37.575 GMT-0800,660.57,658.34,0.0132,0.0132
13.11.2023 06:47:04.324 GMT-0800,660.45,658.34,0.0009,0.0132
13.11.2023 06:47:18.129 GMT-0800,660.45,658.39,0.0132,0.0009
13.11.2023 06:47:20.144 GMT-0800,660.44,658.39,0.0009,0.0132
13.11.2023 06:47:20.246 GMT-0800,660.44,658.4,0.0132,0.0132
13.11.2023 06:47:28.513 GMT-0800,660.44,658.41,0.0132,0.0132
13.11.2023 06:47:30.489 GMT-0800,660.44,658.42,0.0132,0.0009
13.11.2023 06:47:35.218 GMT-0800,660.45,658.42,0.0132,0.0132
13.11.2023 06:47:52.967 GMT-0800,660.44,658.42,0.0009,0.0132
13.11.2023 06:48:08.532 GMT-0800,660.42,658.42,0.0009,0.0132
13.11.2023 06:48:18.702 GMT-0800,660.42,658.41,0.0132,0.0132
13.11.2023 06:48:18.753 GMT-0800,660.42,658.44,0.0132,0.0132
13.11.2023 06:48:26.285 GMT-0800,660.41,658.44,0.0009,0.0132
13.11.2023 06:48:26.388 GMT-0800,660.41,658.46,0.0132,0.0132
13.11.2023 06:48:28.770 GMT-0800,660.41,658.76,0.0132,0.0009
13.11.2023 06:48:29.146 GMT-0800,660.41,658.77,0.0132,0.0009
13.11.2023 06:48:33.991 GMT-0800,660.41,658.76,0.0132,0.0132
13.11.2023 06:48:36.563 GMT-0800,660.41,658.78,0.0132,0.0009
13.11.2023 06:48:40.359 GMT-0800,660.39,658.78,0.0009,0.0132
13.11.2023 06:48:46.233 GMT-0800,660.39,658.79,0.0132,0.0009
13.11.2023 06:48:54.762 GMT-0800,660.39,658.8000000000001,0.0132,0.0009
13.11.2023 06:48:57.348 GMT-0800,660.38,658.8000000000001,0.0009,0.0132
13.11.2023 06:49:04.878 GMT-0800,659.84,658.8000000000001,0.0009,0.0132
13.11.2023 06:49:04.930 GMT-0800,660.38,658.8000000000001,0.0132,0.0132
13.11.2023 06:49:05.051 GMT-0800,660.38,658.79,0.0132,0.0132
13.11.2023 06:49:08.365 GMT-0800,660.38,658.8100000000001,0.0132,0.0009
13.11.2023 06:49:12.476 GMT-0800,660.39,658.8100000000001,0.0132,0.0132
13.11.2023 06:49:16.748 GMT-0800,660.39,658.82,0.0132,0.0009
13.11.2023 06:49:27.423 GMT-0800,660.38,658.82,0.0009,0.0132
13.11.2023 06:49:42.701 GMT-0800,660.39,658.82,0.0132,0.0132
13.11.2023 06:49:51.066 GMT-0800,660.39,659.1,0.0132,0.0009
13.11.2023 06:49:51.117 GMT-0800,660.39,658.82,0.0132,0.0132
13.11.2023 06:49:52.834 GMT-0800,660.39,658.83,0.0132,0.0009
13.11.2023 06:49:53.819 GMT-0800,660.39,658.8100000000001,0.0132,0.0132
13.11.2023 06:49:58.737 GMT-0800,660.39,658.84,0.0132,0.0009
13.11.2023 06:49:59.041 GMT-0800,660.38,658.85,0.0009,0.0009
13.11.2023 06:50:00.129 GMT-0800,660.38,658.84,0.0132,0.0132
13.11.2023 06:50:03.753 GMT-0800,660.38,658.85,0.0132,0.0009
13.11.2023 06:50:14.415 GMT-0800,660.39,658.85,0.0132,0.0132
13.11.2023 06:50:20.732 GMT-0800,660.39,658.86,0.0132,0.0009
13.11.2023 06:50:29.907 GMT-0800,660.38,658.86,0.0009,0.0132
13.11.2023 06:50:36.554 GMT-0800,660.38,658.87,0.0132,0.0009
13.11.2023 06:50:44.268 GMT-0800,660.38,659.7,0.009,0.0009
13.11.2023 06:50:44.369 GMT-0800,660.57,659.8000000000001,0.0132,0.0132
13.11.2023 06:50:45.234 GMT-0800,660.855,660.15,0.009,0.0009
13.11.2023 06:50:45.285 GMT-0800,661.65,660.15,0.0132,0.0132
13.11.2023 06:50:45.336 GMT-0800,661.8000000000001,659.64,0.0132,0.0132
13.11.2023 06:50:45.548 GMT-0800,661.65,660.17,0.0009,0.0009
13.11.2023 06:50:57.505 GMT-0800,661.59,660.17,0.0009,0.0132
13.11.2023 06:51:01.064 GMT-0800,661.59,660.15,0.0132,0.0132
13.11.2023 06:51:12.397 GMT-0800,661.53,660.15,0.0132,0.0132
13.11.2023 06:51:13.988 GMT-0800,661.52,660.15,0.0009,0.0132
13.11.2023 06:51:18.682 GMT-0800,661.52,660.6800000000001,0.009,0.0009
13.11.2023 06:51:18.732 GMT-0800,661.08,660.16,0.0132,0.0132
13.11.2023 06:51:19.392 GMT-0800,661.07,660.16,0.0009,0.0132
13.11.2023 06:51:20.605 GMT-0800,660.45,659.49,0.0009,0.013
13.11.2023 06:51:20.656 GMT-0800,660.94,659.49,0.0132,0.0132
13.11.2023 06:51:30.139 GMT-0800,661.58,659.49,0.0132,0.0132
13.11.2023 06:51:30.377 GMT-0800,661.0600000000001,659.49,0.0009,0.0132
13.11.2023 06:51:36.083 GMT-0800,661.0600000000001,659.2,0.0132,0.0132
13.11.2023 06:51:44.087 GMT-0800,661.0600000000001,659.47,0.0132,0.0009
13.11.2023 06:52:00.151 GMT-0800,661.0600000000001,659.48,0.0132,0.0009
13.11.2023 06:52:07.030 GMT-0800,661.99,659.48,0.0132,0.0132
13.11.2023 06:52:10.609 GMT-0800,661.47,660.41,0.0009,0.0009
13.11.2023 06:52:10.659 GMT-0800,661.99,660.41,0.0132,0.0132
13.11.2023 06:52:10.710 GMT-0800,661.99,659.99,0.0132,0.0132
13.11.2023 06:52:18.728 GMT-0800,662.48,659.99,0.0132,0.0132
13.11.2023 06:52:18.779 GMT-0800,662.62,659.99,0.0132,0.0132
13.11.2023 06:52:19.640 GMT-0800,662.47,659.99,0.0009,0.0132
13.11.2023 06:52:19.741 GMT-0800,662.62,659.99,0.0132,0.0132
13.11.2023 06:52:21.037 GMT-0800,662.48,659.99,0.0009,0.0132
13.11.2023 06:52:30.577 GMT-0800,662.48,660,0.0132,0.0009
13.11.2023 06:52:31.708 GMT-0800,661.99,660,0.0009,0.0132
13.11.2023 06:52:40.465 GMT-0800,661.22,660,0.0009,0.0132
13.11.2023 06:52:40.516 GMT-0800,661.99,660,0.0132,0.0132
13.11.2023 06:52:46.127 GMT-0800,661.99,659.99,0.0132,0.0132
13.11.2023 06:52:46.374 GMT-0800,661.98,659.99,0.0009,0.0132
13.11.2023 06:53:01.655 GMT-0800,661.98,659.79,0.0132,0.0132
13.11.2023 06:53:16.611 GMT-0800,661.98,659.8000000000001,0.0132,0.0009
13.11.2023 06:53:16.712 GMT-0800,661.99,659.8000000000001,0.0132,0.0132
13.11.2023 06:53:31.933 GMT-0800,661.99,659.79,0.0132,0.0132
13.11.2023 06:53:32.218 GMT-0800,661.99,659.99,0.0132,0.0009
13.11.2023 06:53:38.607 GMT-0800,661.33,659.99,0.0009,0.0132
13.11.2023 06:53:38.658 GMT-0800,661.99,659.99,0.0132,0.0132
13.11.2023 06:53:57.563 GMT-0800,661.99,660,0.0132,0.0009
13.11.2023 06:54:07.467 GMT-0800,661.99,660.61,0.0132,0.0009
13.11.2023 06:54:07.518 GMT-0800,661.99,660,0.0132,0.0132
13.11.2023 06:54:17.451 GMT-0800,661.99,660.01,0.0132,0.0009
13.11.2023 06:54:27.835 GMT-0800,661.99,660.49,0.0132,0.0009
13.11.2023 06:54:29.764 GMT-0800,661.99,660.01,0.0132,0.0132
13.11.2023 06:54:30.119 GMT-0800,661.99,660.02,0.0132,0.0009
13.11.2023 06:54:31.364 GMT-0800,661.99,660.01,0.0132,0.0132
13.11.2023 06:54:32.750 GMT-0800,661.99,660.02,0.0132,0.0009
13.11.2023 06:54:39.993 GMT-0800,661.99,660.03,0.0132,0.0009
13.11.2023 06:54:49.470 GMT-0800,661.99,660.04,0.0132,0.0009
13.11.2023 06:55:00.245 GMT-0800,661.99,660.03,0.0132,0.0132
13.11.2023 06:55:00.786 GMT-0800,661.99,660.35,0.0132,0.0009
13.11.2023 06:55:01.476 GMT-0800,661.99,660.47,0.0132,0.0009
13.11.2023 06:55:01.577 GMT-0800,661.99,660.48,0.0132,0.0009
13.11.2023 06:55:04.897 GMT-0800,660.9,660.27,0.0009,0.013
13.11.2023 06:55:04.948 GMT-0800,660.85,659.11,0.0132,0.0132
13.11.2023 06:55:05.676 GMT-0800,660.85,659.1,0.0132,0.0132
13.11.2023 06:55:05.953 GMT-0800,661.23,659.1,0.0132,0.0132
13.11.2023 06:55:45.612 GMT-0800,660.91,659.1,0.0009,0.0132
13.11.2023 06:55:54.126 GMT-0800,660.91,659.34,0.0132,0.0132
13.11.2023 06:55:54.325 GMT-0800,661.23,659.34,0.0132,0.0132
13.11.2023 06:55:54.376 GMT-0800,661.23,659.1,0.0132,0.0132
13.11.2023 06:55:55.496 GMT-0800,660.44,659.1,0.0009,0.0132
13.11.2023 06:55:55.547 GMT-0800,661.23,659.1,0.0132,0.0132
13.11.2023 06:56:01.747 GMT-0800,660.84,659.1,0.0009,0.0132
13.11.2023 06:56:09.235 GMT-0800,660.84,658.9,0.0132,0.0132
13.11.2023 06:56:11.053 GMT-0800,660.84,658.6800000000001,0.0132,0.0132
13.11.2023 06:56:12.102 GMT-0800,660.84,659.07,0.0132,0.0009
13.11.2023 06:56:17.599 GMT-0800,660.83,659.0600000000001,0.0132,0.0132
13.11.2023 06:56:18.310 GMT-0800,660.83,659.51,0.0132,0.0009
13.11.2023 06:56:23.183 GMT-0800,660.83,659.52,0.0132,0.0132
13.11.2023 06:56:35.203 GMT-0800,661.23,659.52,0.0132,0.0132
13.11.2023 06:56:50.349 GMT-0800,661.23,659.33,0.0132,0.0132
13.11.2023 06:56:51.315 GMT-0800,661.23,659.34,0.0132,0.0009
13.11.2023 06:56:55.411 GMT-0800,661.23,659.0600000000001,0.0132,0.0132
13.11.2023 06:56:55.659 GMT-0800,661.22,659.0600000000001,0.0009,0.0132
13.11.2023 06:56:55.762 GMT-0800,661.22,659.5500000000001,0.0132,0.0009
13.11.2023 06:57:13.072 GMT-0800,661.23,659.5500000000001,0.0132,0.0132
13.11.2023 06:57:15.075 GMT-0800,661.23,660.48,0.0132,0.0009
13.11.2023 06:57:15.176 GMT-0800,661.62,660.48,0.0132,0.0132
13.11.2023 06:57:15.582 GMT-0800,661.62,660.41,0.0132,0.0132
13.11.2023 06:57:17.049 GMT-0800,661.62,660.08,0.0132,0.0132
13.11.2023 06:57:17.660 GMT-0800,661.62,660.09,0.0132,0.0009
13.11.2023 06:57:21.221 GMT-0800,661.62,660.49,0.0132,0.0009
13.11.2023 06:57:30.223 GMT-0800,662.0500000000001,660.49,0.0132,0.0132
13.11.2023 06:57:45.445 GMT-0800,662.16,660.49,0.0132,0.0132
13.11.2023 06:57:47.506 GMT-0800,662.16,660.52,0.0132,0.0009
13.11.2023 06:57:52.588 GMT-0800,662.16,660.53,0.0132,0.0132
13.11.2023 06:58:00.110 GMT-0800,662.16,660.13,0.0132,0.0132
13.11.2023 06:58:10.711 GMT-0800,662.2,660.13,0.0132,0.0132
13.11.2023 06:58:11.566 GMT-0800,662.2,660.12,0.0132,0.0132
13.11.2023 06:58:11.871 GMT-0800,662.2,660.13,0.0132,0.0009
13.11.2023 06:58:21.164 GMT-0800,662.2,660.54,0.0132,0.0009
13.11.2023 06:58:25.731 GMT-0800,662.24,660.54,0.0132,0.0132
13.11.2023 06:58:25.991 GMT-0800,662.24,660.5600000000001,0.0132,0.0009
13.11.2023 06:58:26.142 GMT-0800,662.24,660.54,0.0132,0.0132
13.11.2023 06:58:27.684 GMT-0800,662.24,660.58,0.0132,0.0009
13.11.2023 06:58:42.397 GMT-0800,662.63,660.97,0.0132,0.0132
13.11.2023 06:58:42.447 GMT-0800,662.65,660.97,0.0132,0.0132
13.11.2023 06:58:42.518 GMT-0800,662.57,660.58,0.0009,0.013
13.11.2023 06:58:42.569 GMT-0800,662.57,660.58,0.0132,0.0132
13.11.2023 06:58:47.785 GMT-0800,662.57,660.2,0.0132,0.009
13.11.2023 06:58:52.346 GMT-0800,662.57,660.19,0.0132,0.0132
13.11.2023 06:58:57.865 GMT-0800,662.61,660.19,0.0132,0.0132
13.11.2023 06:59:00.829 GMT-0800,662.61,660.2,0.0132,0.0009
13.11.2023 06:59:03.305 GMT-0800,662.6,660.2,0.0009,0.0132
13.11.2023 06:59:04.020 GMT-0800,662.57,660.2,0.0009,0.0132
13.11.2023 06:59:05.840 GMT-0800,662.49,660.2,0.0132,0.009
13.11.2023 06:59:05.891 GMT-0800,662.49,660.1800000000001,0.0132,0.0132
13.11.2023 06:59:06.071 GMT-0800,662.4300000000001,660.1800000000001,0.0009,0.0132
13.11.2023 06:59:08.669 GMT-0800,662.37,660.21,0.0009,0.0009
13.11.2023 06:59:08.771 GMT-0800,662.37,660.1800000000001,0.0132,0.0132
13.11.2023 06:59:09.755 GMT-0800,662.37,660.21,0.0132,0.0009
13.11.2023 06:59:12.403 GMT-0800,662.37,660.59,0.0132,0.0009
13.11.2023 06:59:19.719 GMT-0800,662.37,660.6,0.0132,0.0009
13.11.2023 06:59:32.399 GMT-0800,662.25,660.6,0.0009,0.0132
13.11.2023 06:59:32.500 GMT-0800,662.25,660.9300000000001,0.0132,0.0132
13.11.2023 06:59:32.647 GMT-0800,662.25,660.94,0.0132,0.0132
13.11.2023 06:59:32.698 GMT-0800,662.25,660.59,0.0132,0.0132
13.11.2023 06:59:50.108 GMT-0800,662.24,660.59,0.0009,0.0132
13.11.2023 06:59:52.042 GMT-0800,662.24,660.41,0.0132,0.0132
13.11.2023 06:59:52.615 GMT-0800,662.24,660.46,0.0132,0.0009
13.11.2023 06:59:53.020 GMT-0800,662.24,660.41,0.0132,0.0132
13.11.2023 07:00:00.126 GMT-0800,662.2,660.41,0.0009,0.0132
13.11.2023 07:00:05.069 GMT-0800,661.79,660.41,0.0009,0.0132
13.11.2023 07:00:05.498 GMT-0800,661.79,660.85,0.0132,0.0009
13.11.2023 07:00:10.765 GMT-0800,661.35,660.41,0.0009,0.013
13.11.2023 07:00:10.873 GMT-0800,661.35,660.42,0.0132,0.0132
13.11.2023 07:00:13.121 GMT-0800,661.02,660.42,0.0009,0.0132
13.11.2023 07:00:13.172 GMT-0800,661.35,660.42,0.0132,0.0132
13.11.2023 07:00:13.902 GMT-0800,660.9,659.0500000000001,0.0009,0.013
13.11.2023 07:00:13.953 GMT-0800,660.9,659.0500000000001,0.0132,0.0132
13.11.2023 07:00:14.004 GMT-0800,660.9300000000001,659.3000000000001,0.0132,0.0132
13.11.2023 07:00:14.055 GMT-0800,661.13,659.3000000000001,0.0132,0.0132
13.11.2023 07:00:14.306 GMT-0800,661.13,659.19,0.0132,0.0132
13.11.2023 07:00:14.559 GMT-0800,661.13,659.0500000000001,0.0132,0.0132
13.11.2023 07:00:14.930 GMT-0800,661.13,659.3100000000001,0.0132,0.0009
13.11.2023 07:00:15.283 GMT-0800,661.13,659.2,0.0132,0.0009
13.11.2023 07:00:15.384 GMT-0800,661.13,659.3100000000001,0.0132,0.0132
13.11.2023 07:00:15.435 GMT-0800,661.13,659.2,0.0132,0.0132
13.11.2023 07:00:19.054 GMT-0800,661.13,660.51,0.009,0.0009
13.11.2023 07:00:19.104 GMT-0800,661.61,660.51,0.0132,0.0132
13.11.2023 07:00:19.156 GMT-0800,661.5,660.51,0.0009,0.0132
13.11.2023 07:00:20.117 GMT-0800,661.5,660.41,0.0132,0.0132
13.11.2023 07:00:23.988 GMT-0800,661.5,659.39,0.0132,0.0132
13.11.2023 07:00:24.891 GMT-0800,661.5,659.28,0.0132,0.0132
13.11.2023 07:00:25.324 GMT-0800,661.5,659.4,0.0132,0.0009
13.11.2023 07:00:30.656 GMT-0800,661.5,659.29,0.0132,0.0132
13.11.2023 07:00:30.707 GMT-0800,661.5,659.4,0.0132,0.0132
13.11.2023 07:00:30.758 GMT-0800,661.5,659.29,0.0132,0.0132
13.11.2023 07:00:31.529 GMT-0800,661.5,659.4,0.0132,0.0009
13.11.2023 07:00:33.623 GMT-0800,661.5,659.29,0.0132,0.0132
13.11.2023 07:00:34.448 GMT-0800,661.5,659.41,0.0132,0.0009
13.11.2023 07:00:34.705 GMT-0800,661.49,659.41,0.0009,0.0132
13.11.2023 07:00:35.157 GMT-0800,661.49,659.32,0.0132,0.0132
13.11.2023 07:00:41.555 GMT-0800,661.49,659.69,0.0132,0.0009
13.11.2023 07:00:45.750 GMT-0800,661.49,659.59,0.0132,0.0132
13.11.2023 07:00:52.257 GMT-0800,661.49,659.32,0.0132,0.0132
13.11.2023 07:00:54.135 GMT-0800,661.87,659.34,0.0132,0.0132
13.11.2023 07:00:54.501 GMT-0800,661.15,659.34,0.0009,0.0132
13.11.2023 07:00:59.446 GMT-0800,661.51,659.32,0.0132,0.0132
13.11.2023 07:00:59.736 GMT-0800,661.49,659.32,0.0009,0.0132
13.11.2023 07:01:03.566 GMT-0800,661.49,659.22,0.0132,0.0132
13.11.2023 07:01:04.723 GMT-0800,661.49,659.32,0.0132,0.0132
13.11.2023 07:01:06.874 GMT-0800,661.49,659.22,0.0132,0.0132
13.11.2023 07:01:10.887 GMT-0800,661.49,659.3100000000001,0.0132,0.0009
13.11.2023 07:01:10.988 GMT-0800,661.49,659.22,0.0132,0.0132
13.11.2023 07:01:12.144 GMT-0800,661.49,659.3100000000001,0.0132,0.0009
13.11.2023 07:01:12.329 GMT-0800,661.49,659.22,0.0132,0.0132
13.11.2023 07:01:13.295 GMT-0800,661.49,659.3100000000001,0.0132,0.0009
13.11.2023 07:01:13.547 GMT-0800,661.49,659.22,0.0132,0.0132
13.11.2023 07:01:16.501 GMT-0800,661.49,659.3100000000001,0.0132,0.0009
13.11.2023 07:01:20.475 GMT-0800,661.49,659.22,0.0132,0.0132
13.11.2023 07:01:21.331 GMT-0800,661.49,659.3100000000001,0.0132,0.0009
13.11.2023 07:01:31.878 GMT-0800,661.49,659.3000000000001,0.0132,0.0132
13.11.2023 07:01:32.412 GMT-0800,661.49,659.32,0.0132,0.0009
13.11.2023 07:01:34.975 GMT-0800,661.49,659.3000000000001,0.0132,0.0132
13.11.2023 07:01:36.008 GMT-0800,661.49,659.33,0.0132,0.0009
13.11.2023 07:01:36.059 GMT-0800,661.49,659.3000000000001,0.0132,0.0132
13.11.2023 07:01:39.630 GMT-0800,661.49,659.33,0.0132,0.0009
13.11.2023 07:01:39.681 GMT-0800,661.49,659.3000000000001,0.0132,0.0132
13.11.2023 07:01:39.862 GMT-0800,661.49,659.33,0.0132,0.0009
13.11.2023 07:01:41.737 GMT-0800,661.49,659.34,0.0132,0.0009
13.11.2023 07:01:41.787 GMT-0800,661.49,659.3000000000001,0.0132,0.0132
13.11.2023 07:01:41.952 GMT-0800,661.49,659.33,0.0132,0.0009
13.11.2023 07:01:43.093 GMT-0800,661.49,659.3000000000001,0.0132,0.0132
13.11.2023 07:01:44.564 GMT-0800,661.49,659.34,0.0132,0.0009
13.11.2023 07:01:44.744 GMT-0800,661.49,659.35,0.0132,0.0132
13.11.2023 07:01:45.740 GMT-0800,661.49,659.39,0.0132,0.0132
13.11.2023 07:01:46.111 GMT-0800,661.49,659.3000000000001,0.0132,0.0132
13.11.2023 07:01:47.490 GMT-0800,661.49,659.32,0.0132,0.0009
13.11.2023 07:01:47.591 GMT-0800,661.49,659.3000000000001,0.0132,0.0132
13.11.2023 07:01:58.837 GMT-0800,661.49,659.37,0.0132,0.0009
13.11.2023 07:01:58.887 GMT-0800,661.49,659.3000000000001,0.0132,0.0132
13.11.2023 07:02:02.012 GMT-0800,661.49,659.53,0.0132,0.0009
13.11.2023 07:02:08.989 GMT-0800,661.49,659.3000000000001,0.0132,0.0132
13.11.2023 07:02:10.838 GMT-0800,661.49,659.33,0.0132,0.0009
13.11.2023 07:02:10.939 GMT-0800,661.49,659.3000000000001,0.0132,0.0132
13.11.2023 07:02:23.726 GMT-0800,661.49,659.36,0.0132,0.0009
13.11.2023 07:02:23.777 GMT-0800,661.49,659.3000000000001,0.0132,0.0132
13.11.2023 07:02:30.492 GMT-0800,661.49,659.38,0.0132,0.0009
13.11.2023 07:02:30.543 GMT-0800,661.49,659.3000000000001,0.0132,0.0132
13.11.2023 07:02:39.175 GMT-0800,661.49,659.41,0.0132,0.0009
13.11.2023 07:02:39.226 GMT-0800,661.49,659.3000000000001,0.0132,0.0132
13.11.2023 07:02:46.535 GMT-0800,661.49,659.6,0.0132,0.0009
13.11.2023 07:02:52.004 GMT-0800,661.49,659.61,0.0132,0.0009
13.11.2023 07:02:56.397 GMT-0800,661.49,659.82,0.0132,0.0009
13.11.2023 07:02:57.969 GMT-0800,661.49,659.61,0.0132,0.0132
13.11.2023 07:02:58.322 GMT-0800,661.49,659.3000000000001,0.0132,0.0132
13.11.2023 07:02:58.372 GMT-0800,661.49,660.33,0.0132,0.0132
13.11.2023 07:02:59.245 GMT-0800,661.49,660.37,0.0132,0.0009
13.11.2023 07:02:59.373 GMT-0800,661.49,660.38,0.0132,0.0009
13.11.2023 07:03:00.434 GMT-0800,661.49,660.37,0.0132,0.0132
13.11.2023 07:03:00.809 GMT-0800,661.88,660.37,0.0132,0.0132
13.11.2023 07:03:01.047 GMT-0800,661.48,660.37,0.0009,0.0132
13.11.2023 07:03:01.187 GMT-0800,661.48,660.87,0.0132,0.0132
13.11.2023 07:03:01.691 GMT-0800,661.15,660.37,0.0009,0.013
13.11.2023 07:03:01.757 GMT-0800,661.15,660.37,0.0132,0.0132
13.11.2023 07:03:06.715 GMT-0800,661.83,660.37,0.0132,0.0132
13.11.2023 07:03:06.969 GMT-0800,661.48,660.37,0.0009,0.0132
13.11.2023 07:03:10.198 GMT-0800,661.84,660.37,0.0132,0.0132
13.11.2023 07:03:10.448 GMT-0800,661.49,660.37,0.0009,0.0132
13.11.2023 07:03:11.709 GMT-0800,661.84,660.37,0.0132,0.0132
13.11.2023 07:03:12.179 GMT-0800,661.49,660.37,0.0009,0.0132
13.11.2023 07:03:13.200 GMT-0800,661.84,660.37,0.0132,0.0132
13.11.2023 07:03:13.468 GMT-0800,661.48,660.37,0.0009,0.0132
13.11.2023 07:03:24.156 GMT-0800,661.84,660.37,0.0132,0.0132
13.11.2023 07:03:24.408 GMT-0800,661.48,660.37,0.0009,0.0132
13.11.2023 07:03:35.616 GMT-0800,661.48,660.49,0.0132,0.0009
13.11.2023 07:03:37.183 GMT-0800,661.48,660.5,0.0132,0.0009
13.11.2023 07:03:39.154 GMT-0800,661.48,660.37,0.0132,0.0132
13.11.2023 07:03:45.832 GMT-0800,661.48,660.5,0.0132,0.0009
13.11.2023 07:03:56.772 GMT-0800,661.84,660.5,0.0132,0.0132
13.11.2023 07:04:06.578 GMT-0800,661.85,660.5,0.0132,0.0132
13.11.2023 07:04:10.635 GMT-0800,661.84,660.5,0.0009,0.0132
13.11.2023 07:04:11.420 GMT-0800,661.85,660.37,0.0132,0.0132
13.11.2023 07:04:13.082 GMT-0800,661.84,660.37,0.0009,0.0132
13.11.2023 07:04:13.261 GMT-0800,661.85,660.37,0.0132,0.0132
13.11.2023 07:04:18.046 GMT-0800,661.83,660.37,0.0009,0.0132
13.11.2023 07:04:18.728 GMT-0800,661.85,660.37,0.0132,0.0132
13.11.2023 07:04:20.054 GMT-0800,661.78,660.37,0.0009,0.0132
13.11.2023 07:04:20.819 GMT-0800,661.02,660.37,0.0009,0.0132
13.11.2023 07:04:20.870 GMT-0800,661.78,660.37,0.0132,0.0132
13.11.2023 07:04:21.092 GMT-0800,661.12,660.37,0.0009,0.0132
13.11.2023 07:04:21.143 GMT-0800,661.78,660.37,0.0132,0.0132
13.11.2023 07:04:34.870 GMT-0800,661.74,660.37,0.0009,0.0132
13.11.2023 07:04:35.955 GMT-0800,661.02,660.37,0.0009,0.0132
13.11.2023 07:04:36.253 GMT-0800,660.74,659.83,0.0009,0.013
13.11.2023 07:04:36.311 GMT-0800,660.74,659.83,0.0132,0.0132
13.11.2023 07:04:36.673 GMT-0800,661.02,659.83,0.0132,0.0132
13.11.2023 07:04:37.041 GMT-0800,661.01,659.83,0.0009,0.0132
13.11.2023 07:04:47.315 GMT-0800,661.37,659.83,0.0132,0.0132
13.11.2023 07:04:50.432 GMT-0800,661.36,659.83,0.0132,0.0132
13.11.2023 07:04:50.484 GMT-0800,661.38,659.83,0.0132,0.0132
13.11.2023 07:04:50.604 GMT-0800,661.36,659.83,0.0009,0.0132
13.11.2023 07:04:50.655 GMT-0800,661.38,659.83,0.0132,0.0132
13.11.2023 07:04:50.705 GMT-0800,661.36,659.83,0.0132,0.0132
13.11.2023 07:04:51.867 GMT-0800,661.38,659.83,0.0132,0.0132
13.11.2023 07:04:52.837 GMT-0800,661.36,659.83,0.0009,0.0132
13.11.2023 07:04:57.828 GMT-0800,661.38,659.83,0.0132,0.0132
13.11.2023 07:04:59.354 GMT-0800,661.36,659.83,0.0009,0.0132
13.11.2023 07:04:59.404 GMT-0800,661.38,659.83,0.0132,0.0132
13.11.2023 07:05:04.254 GMT-0800,661.02,659.83,0.0009,0.0132
13.11.2023 07:05:06.666 GMT-0800,661.02,660.37,0.0132,0.0009
13.11.2023 07:05:06.716 GMT-0800,661.02,659.83,0.0132,0.0132
13.11.2023 07:05:12.287 GMT-0800,661.85,659.83,0.0132,0.0132
13.11.2023 07:05:15.975 GMT-0800,661.78,659.83,0.0009,0.0132
13.11.2023 07:05:16.399 GMT-0800,661.85,659.83,0.0132,0.0132
13.11.2023 07:05:16.760 GMT-0800,661.78,659.83,0.0009,0.0132
13.11.2023 07:05:18.319 GMT-0800,661.78,659.97,0.0132,0.0132
13.11.2023 07:05:27.713 GMT-0800,661.85,659.97,0.0132,0.0132
13.11.2023 07:05:28.796 GMT-0800,661.78,659.97,0.0009,0.0132
13.11.2023 07:05:29.158 GMT-0800,661.85,659.97,0.0132,0.0132
13.11.2023 07:05:29.785 GMT-0800,661.78,659.97,0.0009,0.0132
13.11.2023 07:05:30.139 GMT-0800,661.79,659.97,0.0132,0.0132
13.11.2023 07:05:30.419 GMT-0800,661.78,659.97,0.0009,0.0132
13.11.2023 07:05:36.719 GMT-0800,661.79,659.97,0.0132,0.0132
13.11.2023 07:05:37.887 GMT-0800,661.77,659.97,0.0009,0.0132
13.11.2023 07:05:38.050 GMT-0800,661.77,660.07,0.0132,0.0132
13.11.2023 07:05:38.201 GMT-0800,661.78,660.07,0.0132,0.0132
13.11.2023 07:05:38.330 GMT-0800,661.79,660.07,0.0132,0.0132
13.11.2023 07:05:40.359 GMT-0800,661.77,660.07,0.0009,0.0132
13.11.2023 07:05:41.426 GMT-0800,661.79,660.07,0.0132,0.0132
13.11.2023 07:05:44.662 GMT-0800,661.77,660.07,0.0009,0.0132
13.11.2023 07:05:44.763 GMT-0800,661.79,660.07,0.0132,0.0132
13.11.2023 07:05:46.732 GMT-0800,661.76,660.07,0.0009,0.0132
13.11.2023 07:05:46.783 GMT-0800,661.79,660.07,0.0132,0.0132
13.11.2023 07:05:50.477 GMT-0800,661.76,660.07,0.0009,0.0132
13.11.2023 07:05:50.816 GMT-0800,661.77,660.07,0.0132,0.0132
13.11.2023 07:05:51.769 GMT-0800,661.79,660.07,0.0132,0.0132
13.11.2023 07:05:54.071 GMT-0800,661.75,660.07,0.0009,0.0132
13.11.2023 07:05:54.122 GMT-0800,661.76,660.07,0.0132,0.0132
13.11.2023 07:06:01.064 GMT-0800,661.76,660.46,0.0132,0.0009
13.11.2023 07:06:01.114 GMT-0800,661.76,660.07,0.0132,0.0132
13.11.2023 07:06:16.203 GMT-0800,661.3000000000001,660.07,0.0009,0.0132
13.11.2023 07:06:16.491 GMT-0800,661.3000000000001,660.12,0.0132,0.0009
13.11.2023 07:06:25.371 GMT-0800,661.3000000000001,660.3000000000001,0.0132,0.0009
13.11.2023 07:06:28.356 GMT-0800,661.3000000000001,660.12,0.0132,0.0132
13.11.2023 07:06:39.089 GMT-0800,661.3000000000001,660.21,0.0132,0.0009
13.11.2023 07:06:44.186 GMT-0800,661.3000000000001,660.12,0.0132,0.0132
13.11.2023 07:06:47.750 GMT-0800,661.3000000000001,660.11,0.0132,0.0132
13.11.2023 07:06:50.368 GMT-0800,661.3000000000001,660.53,0.0132,0.0009
13.11.2023 07:06:55.582 GMT-0800,661.3000000000001,660.33,0.0132,0.0132
13.11.2023 07:06:58.334 GMT-0800,661.3000000000001,660.71,0.0132,0.0009
13.11.2023 07:06:58.385 GMT-0800,661.3000000000001,660.33,0.0132,0.0132
13.11.2023 07:07:01.631 GMT-0800,661.3000000000001,660.39,0.0132,0.0009
13.11.2023 07:07:04.780 GMT-0800,661.3000000000001,660.33,0.0132,0.0132
13.11.2023 07:07:38.992 GMT-0800,661.21,660.33,0.0009,0.0132
13.11.2023 07:07:40.852 GMT-0800,661.3000000000001,660.33,0.0132,0.0132
13.11.2023 07:07:40.909 GMT-0800,661.2,660.33,0.0009,0.0132
13.11.2023 07:07:44.190 GMT-0800,661.3000000000001,660.33,0.0132,0.0132
13.11.2023 07:07:44.452 GMT-0800,661.19,660.33,0.0009,0.0132
13.11.2023 07:07:56.679 GMT-0800,660.8000000000001,660.33,0.0009,0.0132
13.11.2023 07:07:56.729 GMT-0800,660.79,659.42,0.0132,0.0132
13.11.2023 07:07:57.742 GMT-0800,660.8100000000001,659.42,0.0132,0.0132
13.11.2023 07:07:57.981 GMT-0800,660.79,659.42,0.0009,0.0132
13.11.2023 07:08:00.030 GMT-0800,660.79,659.41,0.0132,0.0132
13.11.2023 07:08:12.669 GMT-0800,660.79,660.22,0.0132,0.0009
13.11.2023 07:08:12.719 GMT-0800,660.79,659.41,0.0132,0.0132
13.11.2023 07:08:17.478 GMT-0800,660.79,659.54,0.0132,0.0009
13.11.2023 07:08:19.122 GMT-0800,660.79,659.47,0.0132,0.0132
13.11.2023 07:08:20.025 GMT-0800,660.79,659.41,0.0132,0.0132
13.11.2023 07:08:20.681 GMT-0800,660.79,659.44,0.0132,0.0009
13.11.2023 07:08:35.606 GMT-0800,660.79,660.25,0.0132,0.0009
13.11.2023 07:08:35.657 GMT-0800,660.79,659.44,0.0132,0.0132
13.11.2023 07:08:36.593 GMT-0800,660.79,659.64,0.0132,0.0009
13.11.2023 07:08:48.890 GMT-0800,660.79,659.65,0.009,0.0009
13.11.2023 07:08:48.992 GMT-0800,661.3000000000001,659.65,0.0132,0.0132
13.11.2023 07:08:49.880 GMT-0800,661.65,659.65,0.0132,0.0132
13.11.2023 07:08:49.931 GMT-0800,661.65,659.62,0.0132,0.0132
13.11.2023 07:08:50.118 GMT-0800,661.75,659.62,0.0132,0.0132
13.11.2023 07:08:52.362 GMT-0800,661.75,659.8000000000001,0.0132,0.0009
13.11.2023 07:08:53.042 GMT-0800,661.85,659.8000000000001,0.0132,0.0132
13.11.2023 07:08:53.666 GMT-0800,661.69,659.8000000000001,0.0009,0.0132
13.11.2023 07:08:54.016 GMT-0800,661.85,659.8000000000001,0.0132,0.0132
13.11.2023 07:08:59.647 GMT-0800,661.67,659.8000000000001,0.0009,0.0132
13.11.2023 07:08:59.698 GMT-0800,661.65,659.74,0.0132,0.0132
13.11.2023 07:08:59.799 GMT-0800,661.85,659.75,0.0132,0.0132
13.11.2023 07:08:59.986 GMT-0800,661.57,659.75,0.0009,0.0132
13.11.2023 07:09:00.087 GMT-0800,661.58,659.41,0.0132,0.0132
13.11.2023 07:09:01.075 GMT-0800,661.58,659.61,0.0132,0.0009
13.11.2023 07:09:02.161 GMT-0800,661.58,659.41,0.0132,0.0132
13.11.2023 07:09:02.789 GMT-0800,661.58,659.88,0.0132,0.0009
13.11.2023 07:09:08.116 GMT-0800,661.58,659.41,0.0132,0.0132
13.11.2023 07:09:18.488 GMT-0800,661.58,659.58,0.0132,0.0009
13.11.2023 07:09:18.539 GMT-0800,661.58,659.41,0.0132,0.0132
13.11.2023 07:09:19.348 GMT-0800,661.58,659.58,0.0132,0.0009
13.11.2023 07:09:19.450 GMT-0800,661.58,659.41,0.0132,0.0132
13.11.2023 07:09:22.389 GMT-0800,661.58,660.66,0.0132,0.0009
13.11.2023 07:09:22.441 GMT-0800,661.2,659.69,0.0132,0.0132
13.11.2023 07:09:22.759 GMT-0800,661.5500000000001,659.69,0.0132,0.0132
13.11.2023 07:09:23.087 GMT-0800,661.54,659.69,0.0132,0.0132
13.11.2023 07:09:24.093 GMT-0800,660.75,659.71,0.0009,0.0009
13.11.2023 07:09:24.144 GMT-0800,660.75,659.58,0.0132,0.0132
13.11.2023 07:09:24.316 GMT-0800,660.75,659.48,0.0132,0.0132
13.11.2023 07:09:24.445 GMT-0800,661.5500000000001,659.48,0.0132,0.0132
13.11.2023 07:09:27.676 GMT-0800,661.5500000000001,659.5500000000001,0.0132,0.0009
13.11.2023 07:09:28.743 GMT-0800,661.5500000000001,659.41,0.0132,0.0132
13.11.2023 07:09:29.195 GMT-0800,661.5500000000001,659.57,0.0132,0.0009
13.11.2023 07:09:29.246 GMT-0800,661.5500000000001,659.41,0.0132,0.0132
13.11.2023 07:09:29.564 GMT-0800,661.5500000000001,659.58,0.0132,0.0009
13.11.2023 07:09:30.236 GMT-0800,661.5500000000001,659.41,0.0132,0.0132
13.11.2023 07:09:30.509 GMT-0800,661.5500000000001,659.62,0.0132,0.0009
13.11.2023 07:09:31.927 GMT-0800,661.5500000000001,659.5500000000001,0.0132,0.0132
13.11.2023 07:09:32.116 GMT-0800,661.5500000000001,659.41,0.0132,0.0132
13.11.2023 07:09:36.450 GMT-0800,660.73,659.41,0.0009,0.0132
13.11.2023 07:09:36.500 GMT-0800,661.5500000000001,659.41,0.0132,0.0132
13.11.2023 07:09:45.355 GMT-0800,661.5500000000001,659.54,0.0132,0.0009
13.11.2023 07:09:45.456 GMT-0800,661.5500000000001,659.65,0.0132,0.0009
13.11.2023 07:09:45.784 GMT-0800,661.5500000000001,659.41,0.0132,0.0132
13.11.2023 07:09:46.041 GMT-0800,661.5500000000001,659.58,0.0132,0.0009
13.11.2023 07:09:46.205 GMT-0800,661.5500000000001,659.41,0.0132,0.0132
13.11.2023 07:09:46.265 GMT-0800,661.5500000000001,659.6800000000001,0.0132,0.0009
13.11.2023 07:09:46.366 GMT-0800,661.5500000000001,659.58,0.0132,0.0132
13.11.2023 07:09:46.453 GMT-0800,661.5500000000001,659.69,0.0132,0.0009
13.11.2023 07:09:46.504 GMT-0800,661.5500000000001,659.59,0.0132,0.0132
13.11.2023 07:09:46.608 GMT-0800,661.5500000000001,659.41,0.0132,0.0132
13.11.2023 07:09:46.660 GMT-0800,661.5500000000001,659.7,0.0132,0.0009
13.11.2023 07:09:46.811 GMT-0800,661.5500000000001,659.41,0.0132,0.0132
13.11.2023 07:09:46.912 GMT-0800,661.5500000000001,659.72,0.0132,0.0132
13.11.2023 07:09:48.411 GMT-0800,661.5500000000001,659.41,0.0132,0.0132
13.11.2023 07:09:49.776 GMT-0800,661.5500000000001,659.72,0.0132,0.0009
13.11.2023 07:09:53.129 GMT-0800,661.58,659.41,0.0132,0.0132
13.11.2023 07:09:53.299 GMT-0800,661.58,659.75,0.0132,0.0132
13.11.2023 07:09:53.492 GMT-0800,661.58,659.41,0.0132,0.0132
13.11.2023 07:10:00.145 GMT-0800,661.58,659.79,0.0132,0.0009
13.11.2023 07:10:00.569 GMT-0800,661.58,659.6800000000001,0.0132,0.0132
13.11.2023 07:10:07.991 GMT-0800,661.58,659.41,0.0132,0.0132
13.11.2023 07:10:16.130 GMT-0800,661.58,659.52,0.0132,0.0009
13.11.2023 07:10:16.231 GMT-0800,661.58,659.41,0.0132,0.0132
13.11.2023 07:10:17.252 GMT-0800,661.58,659.52,0.0132,0.0009
13.11.2023 07:10:17.536 GMT-0800,661.58,659.65,0.0132,0.0132
13.11.2023 07:10:19.173 GMT-0800,661.58,659.41,0.0132,0.0132
13.11.2023 07:10:20.757 GMT-0800,661.58,659.86,0.0132,0.0009
13.11.2023 07:10:25.446 GMT-0800,661.58,659.41,0.0132,0.0132
13.11.2023 07:10:28.836 GMT-0800,661.25,659.41,0.0009,0.0132
13.11.2023 07:10:32.984 GMT-0800,660.66,659.41,0.0009,0.0132
13.11.2023 07:10:33.035 GMT-0800,661.25,659.41,0.0132,0.0132
13.11.2023 07:10:33.453 GMT-0800,660.44,659.41,0.0009,0.0132
13.11.2023 07:10:33.504 GMT-0800,660.94,659.41,0.0132,0.0132
13.11.2023 07:10:38.859 GMT-0800,660.35,659.41,0.0009,0.0132
13.11.2023 07:10:39.911 GMT-0800,660.36,659.41,0.0132,0.0132
13.11.2023 07:10:40.074 GMT-0800,660.8000000000001,659.41,0.0132,0.0132
13.11.2023 07:10:40.125 GMT-0800,660.77,659.41,0.0132,0.0132
13.11.2023 07:10:42.424 GMT-0800,660.76,659.41,0.0009,0.0132
13.11.2023 07:10:44.710 GMT-0800,660.0600000000001,659.41,0.0009,0.0132
13.11.2023 07:10:44.760 GMT-0800,660.75,659.41,0.0009,0.0132
13.11.2023 07:10:46.080 GMT-0800,660.76,659.41,0.0132,0.0132
13.11.2023 07:10:49.229 GMT-0800,660.77,659.41,0.0132,0.0132
13.11.2023 07:10:54.068 GMT-0800,660.75,659.41,0.0009,0.0132
13.11.2023 07:10:54.119 GMT-0800,660.77,659.41,0.0132,0.0132
13.11.2023 07:10:54.528 GMT-0800,660.76,659.41,0.0009,0.0132
13.11.2023 07:10:55.281 GMT-0800,660.77,659.41,0.0132,0.0132
13.11.2023 07:11:04.942 GMT-0800,660.75,659.41,0.0009,0.0132
13.11.2023 07:11:05.044 GMT-0800,660.77,659.41,0.0132,0.0132
13.11.2023 07:11:21.409 GMT-0800,660.75,659.41,0.0009,0.0132
13.11.2023 07:11:22.419 GMT-0800,660.76,659.41,0.0132,0.0132
13.11.2023 07:11:22.751 GMT-0800,660.77,659.41,0.0132,0.0132
13.11.2023 07:11:26.395 GMT-0800,660.75,659.41,0.0009,0.0132
13.11.2023 07:11:26.497 GMT-0800,660.77,659.41,0.0132,0.0132
13.11.2023 07:11:26.548 GMT-0800,660.75,659.41,0.0132,0.0132
13.11.2023 07:11:26.649 GMT-0800,660.77,659.41,0.0132,0.0132
13.11.2023 07:11:28.923 GMT-0800,660.42,659.41,0.0009,0.0132
13.11.2023 07:12:07.232 GMT-0800,660.42,659.91,0.0132,0.0009
13.11.2023 07:12:07.282 GMT-0800,660.42,659.41,0.0132,0.0132
13.11.2023 07:12:33.846 GMT-0800,660.42,659.8100000000001,0.009,0.0009
13.11.2023 07:12:33.897 GMT-0800,660.94,659.8100000000001,0.0132,0.0132
13.11.2023 07:12:33.999 GMT-0800,660.94,659.47,0.0132,0.0132
13.11.2023 07:12:34.160 GMT-0800,660.94,659.6,0.0132,0.0009
13.11.2023 07:12:34.462 GMT-0800,660.94,659.41,0.0132,0.0132
13.11.2023 07:12:34.718 GMT-0800,660.94,659.59,0.0132,0.0009
13.11.2023 07:12:35.543 GMT-0800,660.94,659.54,0.0132,0.0009
13.11.2023 07:12:35.645 GMT-0800,660.94,659.41,0.0132,0.0132
13.11.2023 07:12:35.696 GMT-0800,660.94,659.5500000000001,0.0132,0.0132
13.11.2023 07:12:40.547 GMT-0800,660.94,660.07,0.0132,0.0009
13.11.2023 07:12:46.860 GMT-0800,660.94,659.41,0.0132,0.0132
13.11.2023 07:13:16.896 GMT-0800,660.94,659.9,0.0132,0.0009
13.11.2023 07:13:21.040 GMT-0800,660.94,659.89,0.0132,0.0132
13.11.2023 07:13:21.941 GMT-0800,660.94,659.41,0.0132,0.0132
13.11.2023 07:13:26.168 GMT-0800,660.94,660.28,0.0132,0.0009
13.11.2023 07:13:26.219 GMT-0800,660.94,659.72,0.0132,0.0132
13.11.2023 07:13:26.363 GMT-0800,660.94,659.62,0.0132,0.0132
13.11.2023 07:13:26.414 GMT-0800,660.94,659.73,0.0132,0.0132
13.11.2023 07:13:26.829 GMT-0800,660.94,659.41,0.0132,0.0132
13.11.2023 07:13:26.979 GMT-0800,660.94,659.66,0.0132,0.0009
13.11.2023 07:13:27.242 GMT-0800,660.94,659.41,0.0132,0.0132
13.11.2023 07:13:27.396 GMT-0800,660.94,659.62,0.0132,0.0009
13.11.2023 07:13:28.050 GMT-0800,660.94,659.41,0.0132,0.0132
13.11.2023 07:13:31.976 GMT-0800,660.94,659.6800000000001,0.0132,0.0009
13.11.2023 07:13:32.637 GMT-0800,660.94,659.41,0.0132,0.0132
13.11.2023 07:13:38.726 GMT-0800,660.94,659.78,0.0132,0.0009
13.11.2023 07:13:38.878 GMT-0800,660.76,659.78,0.0009,0.009
13.11.2023 07:13:38.928 GMT-0800,660.76,659.77,0.0132,0.0132
13.11.2023 07:13:39.255 GMT-0800,660.94,659.77,0.0132,0.0132
13.11.2023 07:13:40.128 GMT-0800,660.94,659.41,0.0132,0.0132
13.11.2023 07:13:44.636 GMT-0800,660.94,660.02,0.0132,0.0009
13.11.2023 07:14:06.948 GMT-0800,660.94,659.59,0.0132,0.0132
13.11.2023 07:14:07.049 GMT-0800,660.94,659.41,0.0132,0.0132
13.11.2023 07:14:09.218 GMT-0800,660.94,659.41,0.0132,0.013
13.11.2023 07:14:09.512 GMT-0800,660.94,660.0600000000001,0.0132,0.0009
13.11.2023 07:14:13.902 GMT-0800,660.58,660.0600000000001,0.0009,0.0132
13.11.2023 07:14:18.115 GMT-0800,660.58,660.02,0.0132,0.0132
13.11.2023 07:14:33.104 GMT-0800,660.58,660.26,0.009,0.0009
13.11.2023 07:14:33.205 GMT-0800,660.94,660.26,0.0132,0.0132
13.11.2023 07:14:33.454 GMT-0800,660.94,660.02,0.0132,0.0132
13.11.2023 07:14:35.864 GMT-0800,660.94,660.08,0.0132,0.0009
13.11.2023 07:14:53.518 GMT-0800,660.94,660.4300000000001,0.0132,0.0009
13.11.2023 07:14:53.568 GMT-0800,660.94,660.38,0.009,0.0009
13.11.2023 07:14:53.619 GMT-0800,661.04,660.38,0.0132,0.0132
13.11.2023 07:14:55.514 GMT-0800,661.04,660.08,0.0132,0.0132
13.11.2023 07:15:00.336 GMT-0800,661.04,660.2,0.0132,0.0009
13.11.2023 07:15:04.885 GMT-0800,661.04,660.08,0.0132,0.0132
13.11.2023 07:15:06.798 GMT-0800,661.04,660.5600000000001,0.0132,0.0009
13.11.2023 07:15:08.760 GMT-0800,661.04,660.08,0.0132,0.0132
13.11.2023 07:15:36.642 GMT-0800,661.0500000000001,660.08,0.0132,0.0132
13.11.2023 07:15:52.606 GMT-0800,661.04,659.47,0.0009,0.013
13.11.2023 07:15:52.944 GMT-0800,661.04,659.47,0.0132,0.0132
13.11.2023 07:15:53.453 GMT-0800,660.88,659.47,0.0009,0.0132
13.11.2023 07:15:54.124 GMT-0800,660.98,659.47,0.0132,0.0132
13.11.2023 07:15:54.175 GMT-0800,660.63,659.47,0.0132,0.0132
13.11.2023 07:15:59.828 GMT-0800,660.96,659.47,0.0132,0.0132
13.11.2023 07:16:00.065 GMT-0800,660.99,659.47,0.0132,0.0132
13.11.2023 07:16:00.116 GMT-0800,660.62,659.47,0.0132,0.0132
13.11.2023 07:16:01.557 GMT-0800,660.26,659.47,0.0009,0.0132
13.11.2023 07:16:02.939 GMT-0800,660.26,659.62,0.0132,0.0009
13.11.2023 07:16:10.064 GMT-0800,660.26,659.63,0.0132,0.0009
13.11.2023 07:16:17.956 GMT-0800,660.26,659.9300000000001,0.009,0.0009
13.11.2023 07:16:18.007 GMT-0800,660.26,659.63,0.009,0.0132
13.11.2023 07:16:18.185 GMT-0800,660.99,659.63,0.0132,0.0132
13.11.2023 07:16:18.264 GMT-0800,660.62,659.63,0.0009,0.0132
13.11.2023 07:16:20.475 GMT-0800,660.99,659.63,0.0132,0.0132
13.11.2023 07:16:21.266 GMT-0800,660.82,659.63,0.0009,0.0132
13.11.2023 07:16:23.148 GMT-0800,660.99,659.63,0.0132,0.0132
13.11.2023 07:16:24.999 GMT-0800,660.7,659.63,0.0009,0.0132
13.11.2023 07:16:25.827 GMT-0800,660.99,659.63,0.0132,0.0132
13.11.2023 07:16:26.447 GMT-0800,660.77,659.63,0.0009,0.0132
13.11.2023 07:16:27.711 GMT-0800,660.99,659.62,0.0132,0.0132
13.11.2023 07:16:28.445 GMT-0800,660.99,659.63,0.0132,0.0009
13.11.2023 07:16:29.067 GMT-0800,660.73,659.63,0.0009,0.0132
13.11.2023 07:16:29.621 GMT-0800,660.99,659.63,0.0132,0.0132
13.11.2023 07:16:29.873 GMT-0800,660.69,659.63,0.0009,0.0132
13.11.2023 07:16:29.975 GMT-0800,660.99,659.63,0.0132,0.0132
13.11.2023 07:16:31.267 GMT-0800,660.66,659.63,0.0009,0.0132
13.11.2023 07:16:31.419 GMT-0800,660.99,659.63,0.0132,0.0132
13.11.2023 07:16:31.651 GMT-0800,660.63,659.63,0.0009,0.0132
13.11.2023 07:16:32.052 GMT-0800,660.99,659.63,0.0132,0.0132
13.11.2023 07:16:32.306 GMT-0800,660.62,659.63,0.0009,0.0132
13.11.2023 07:16:32.786 GMT-0800,660.99,659.63,0.0132,0.0132
13.11.2023 07:16:33.041 GMT-0800,660.7,659.63,0.0009,0.0132
13.11.2023 07:16:34.394 GMT-0800,660.7,659.64,0.0132,0.0009
13.11.2023 07:16:37.475 GMT-0800,660.99,659.64,0.0132,0.0132
13.11.2023 07:16:38.053 GMT-0800,660.73,659.64,0.0009,0.0132
13.11.2023 07:16:38.104 GMT-0800,660.99,659.64,0.0132,0.0132
13.11.2023 07:16:38.365 GMT-0800,660.71,659.64,0.0009,0.0132
13.11.2023 07:16:38.570 GMT-0800,660.99,659.64,0.0132,0.0132
13.11.2023 07:16:38.936 GMT-0800,660.63,659.64,0.0009,0.0132
13.11.2023 07:16:39.169 GMT-0800,660.99,659.64,0.0132,0.0132
13.11.2023 07:16:39.418 GMT-0800,660.7,659.64,0.0009,0.0132
13.11.2023 07:16:39.519 GMT-0800,660.99,659.64,0.0132,0.0132
13.11.2023 07:16:40.395 GMT-0800,660.64,659.64,0.0009,0.0132
13.11.2023 07:16:41.449 GMT-0800,660.96,659.64,0.0132,0.0132
13.11.2023 07:16:41.685 GMT-0800,660.99,659.64,0.0132,0.0132
13.11.2023 07:16:41.944 GMT-0800,660.62,659.64,0.0009,0.0132
13.11.2023 07:16:45.402 GMT-0800,660.94,659.64,0.0132,0.0132
13.11.2023 07:16:45.686 GMT-0800,660.61,659.64,0.0132,0.0132
13.11.2023 07:17:04.082 GMT-0800,660.95,659.64,0.0132,0.0132
13.11.2023 07:17:04.316 GMT-0800,660.74,659.64,0.0009,0.0132
13.11.2023 07:17:06.374 GMT-0800,660.95,659.64,0.0132,0.0132
13.11.2023 07:17:06.820 GMT-0800,660.6800000000001,659.64,0.0009,0.0132
13.11.2023 07:17:09.034 GMT-0800,660.95,659.64,0.0132,0.0132
13.11.2023 07:17:09.698 GMT-0800,660.71,659.64,0.0009,0.0132
13.11.2023 07:17:10.412 GMT-0800,660.95,659.64,0.0132,0.0132
13.11.2023 07:17:11.413 GMT-0800,660.6800000000001,659.64,0.0009,0.0132
13.11.2023 07:17:11.735 GMT-0800,660.95,659.64,0.0132,0.0132
13.11.2023 07:17:12.291 GMT-0800,660.78,659.64,0.0009,0.0132
13.11.2023 07:17:13.300 GMT-0800,660.95,659.64,0.0132,0.0132
13.11.2023 07:17:13.909 GMT-0800,660.86,659.64,0.0009,0.0132
13.11.2023 07:17:14.410 GMT-0800,660.95,659.64,0.0132,0.0132
13.11.2023 07:17:14.660 GMT-0800,660.84,659.64,0.0009,0.0132
13.11.2023 07:17:16.789 GMT-0800,660.95,659.64,0.0132,0.0132
13.11.2023 07:17:17.946 GMT-0800,660.75,659.64,0.0009,0.0132
13.11.2023 07:17:18.150 GMT-0800,660.95,659.64,0.0132,0.0132
13.11.2023 07:17:18.672 GMT-0800,660.71,659.64,0.0009,0.0132
13.11.2023 07:17:19.127 GMT-0800,660.95,659.64,0.0132,0.0132
13.11.2023 07:17:19.381 GMT-0800,660.67,659.64,0.0009,0.0132
13.11.2023 07:17:26.608 GMT-0800,660.95,659.64,0.0132,0.0132
13.11.2023 07:17:26.953 GMT-0800,660.66,659.64,0.0009,0.0132
13.11.2023 07:17:28.038 GMT-0800,660.95,659.64,0.0132,0.0132
13.11.2023 07:17:28.244 GMT-0800,660.61,659.64,0.0009,0.0132
13.11.2023 07:17:28.473 GMT-0800,660.95,659.64,0.0132,0.0132
13.11.2023 07:17:28.726 GMT-0800,660.66,659.64,0.0009,0.0132
13.11.2023 07:17:29.025 GMT-0800,660.95,659.64,0.0132,0.0132
13.11.2023 07:17:29.735 GMT-0800,660.61,659.64,0.0009,0.0132
13.11.2023 07:17:30.017 GMT-0800,660.95,659.64,0.0132,0.0132
13.11.2023 07:17:30.118 GMT-0800,660.95,659.63,0.0132,0.0132
13.11.2023 07:17:30.368 GMT-0800,660.61,659.63,0.0009,0.0132
13.11.2023 07:17:33.505 GMT-0800,660.9300000000001,659.63,0.0132,0.0132
13.11.2023 07:17:33.556 GMT-0800,660.95,659.63,0.0132,0.0132
13.11.2023 07:17:33.749 GMT-0800,660.66,659.63,0.0009,0.0132
13.11.2023 07:17:51.032 GMT-0800,660.66,659.73,0.0132,0.0009
13.11.2023 07:17:51.133 GMT-0800,660.95,659.73,0.0132,0.0132
13.11.2023 07:17:51.379 GMT-0800,660.65,659.73,0.0009,0.0132
13.11.2023 07:17:52.240 GMT-0800,660.95,659.73,0.0132,0.0132
13.11.2023 07:17:52.523 GMT-0800,660.64,659.73,0.0009,0.0132
13.11.2023 07:17:55.412 GMT-0800,660.64,659.74,0.0132,0.0009
13.11.2023 07:18:30.754 GMT-0800,660.63,659.74,0.0009,0.0132
13.11.2023 07:19:00.108 GMT-0800,660.63,659.73,0.0132,0.0132
13.11.2023 07:19:02.298 GMT-0800,660.63,659.63,0.0132,0.0132
13.11.2023 07:19:02.906 GMT-0800,660.63,659.73,0.0132,0.0009
13.11.2023 07:19:05.123 GMT-0800,660.64,659.73,0.0132,0.0132
13.11.2023 07:19:05.371 GMT-0800,660.62,659.73,0.0009,0.0132
13.11.2023 07:19:11.202 GMT-0800,660.64,659.63,0.0132,0.0132
13.11.2023 07:19:11.460 GMT-0800,660.61,659.63,0.0009,0.0132
13.11.2023 07:19:15.621 GMT-0800,660.6,659.63,0.0009,0.0132
13.11.2023 07:19:16.303 GMT-0800,660.6,659.94,0.0132,0.0009
13.11.2023 07:19:16.354 GMT-0800,660.6,659.73,0.0132,0.0132
13.11.2023 07:19:26.754 GMT-0800,660.95,659.73,0.0132,0.0132
13.11.2023 07:19:27.303 GMT-0800,660.6,659.73,0.0009,0.0132
13.11.2023 07:19:34.047 GMT-0800,660.6,659.63,0.0132,0.0132
13.11.2023 07:19:34.236 GMT-0800,660.6,659.73,0.0132,0.0009
13.11.2023 07:19:39.207 GMT-0800,660.6,659.63,0.0132,0.0132
13.11.2023 07:19:39.258 GMT-0800,660.6,659.73,0.0132,0.0009
13.11.2023 07:19:39.876 GMT-0800,660.5600000000001,659.73,0.0009,0.0132
13.11.2023 07:19:41.814 GMT-0800,660.5600000000001,659.76,0.0132,0.0009
13.11.2023 07:19:43.692 GMT-0800,660.95,659.73,0.0132,0.013
13.11.2023 07:19:43.742 GMT-0800,660.95,659.73,0.0132,0.0132
13.11.2023 07:19:43.966 GMT-0800,660.74,659.73,0.0009,0.0132
13.11.2023 07:19:44.245 GMT-0800,660.95,659.73,0.0132,0.0132
13.11.2023 07:19:44.713 GMT-0800,660.74,659.73,0.0009,0.0132
13.11.2023 07:19:45.337 GMT-0800,660.95,659.73,0.0132,0.0132
13.11.2023 07:19:45.601 GMT-0800,660.86,659.73,0.0009,0.0132
13.11.2023 07:19:46.520 GMT-0800,660.95,659.73,0.0132,0.0132
13.11.2023 07:19:46.665 GMT-0800,660.74,659.73,0.0009,0.0132
13.11.2023 07:19:54.568 GMT-0800,660.74,659.63,0.0132,0.0132
13.11.2023 07:19:54.893 GMT-0800,660.74,659.74,0.0132,0.0009
13.11.2023 07:20:04.551 GMT-0800,660.74,659.63,0.0132,0.0132
13.11.2023 07:20:05.867 GMT-0800,660.74,659.75,0.0132,0.0009
13.11.2023 07:20:15.208 GMT-0800,660.74,659.76,0.009,0.0009
13.11.2023 07:20:15.258 GMT-0800,661.48,659.76,0.0132,0.0132
13.11.2023 07:20:25.562 GMT-0800,661.48,659.77,0.0132,0.0009
13.11.2023 07:20:25.663 GMT-0800,661.33,659.77,0.0132,0.0132
13.11.2023 07:20:26.257 GMT-0800,661.33,659.95,0.009,0.0009
13.11.2023 07:20:26.381 GMT-0800,661.48,659.95,0.0132,0.0132
13.11.2023 07:20:26.844 GMT-0800,661.48,659.86,0.0132,0.0132
13.11.2023 07:20:26.919 GMT-0800,661.33,659.76,0.0009,0.013
13.11.2023 07:20:26.970 GMT-0800,661.33,659.76,0.0132,0.0132
13.11.2023 07:20:27.816 GMT-0800,661.33,660.27,0.0132,0.0009
13.11.2023 07:20:29.464 GMT-0800,661.48,660.27,0.0132,0.0132
13.11.2023 07:20:30.214 GMT-0800,661.24,660.27,0.0009,0.0132
13.11.2023 07:20:30.272 GMT-0800,661.33,660.27,0.0132,0.0132
13.11.2023 07:20:30.323 GMT-0800,661.24,660.27,0.0132,0.0132
13.11.2023 07:20:30.429 GMT-0800,661.24,660.28,0.009,0.0009
13.11.2023 07:20:30.479 GMT-0800,661.33,660.28,0.0132,0.0132
13.11.2023 07:20:31.481 GMT-0800,661.33,660.27,0.0132,0.0132
13.11.2023 07:20:31.821 GMT-0800,661.48,660.27,0.0132,0.0132
13.11.2023 07:20:32.877 GMT-0800,661.24,660.27,0.0009,0.0132
13.11.2023 07:20:34.857 GMT-0800,661.33,660.27,0.0132,0.0132
13.11.2023 07:20:34.958 GMT-0800,661.48,660.27,0.0132,0.0132
13.11.2023 07:20:35.701 GMT-0800,661.33,660.27,0.0009,0.0132
13.11.2023 07:20:35.803 GMT-0800,661.48,660.27,0.0132,0.0132
13.11.2023 07:20:36.103 GMT-0800,661.48,660.62,0.0132,0.0009
13.11.2023 07:20:38.066 GMT-0800,661.48,660.28,0.0132,0.0132
13.11.2023 07:20:39.150 GMT-0800,661.48,660.27,0.0132,0.0132
13.11.2023 07:20:45.897 GMT-0800,661.48,660.5,0.0132,0.0009
13.11.2023 07:20:51.111 GMT-0800,661.48,660.73,0.0132,0.0009
13.11.2023 07:20:51.162 GMT-0800,661.48,660.5,0.0132,0.0132
13.11.2023 07:20:51.263 GMT-0800,661.48,660.19,0.0132,0.0132
13.11.2023 07:21:14.083 GMT-0800,661.48,660.2,0.0132,0.0009
13.11.2023 07:21:14.245 GMT-0800,661.48,660.1800000000001,0.0132,0.0132
13.11.2023 07:21:14.514 GMT-0800,661.48,660.19,0.0132,0.0009
13.11.2023 07:21:15.251 GMT-0800,661.48,660.1800000000001,0.0132,0.0132
13.11.2023 07:21:15.504 GMT-0800,661.48,660.2,0.0132,0.0009
13.11.2023 07:21:15.776 GMT-0800,661.48,660.1800000000001,0.0132,0.0132
13.11.2023 07:21:19.164 GMT-0800,661.48,660.2,0.0132,0.0009
13.11.2023 07:21:19.593 GMT-0800,661.48,660.37,0.0132,0.0009
13.11.2023 07:21:19.876 GMT-0800,661.01,660.37,0.0009,0.0132
13.11.2023 07:21:19.927 GMT-0800,661.48,660.37,0.0132,0.0132
13.11.2023 07:21:20.081 GMT-0800,660.97,660.37,0.0009,0.0132
13.11.2023 07:21:20.131 GMT-0800,661.48,660.37,0.0132,0.0132
13.11.2023 07:21:21.643 GMT-0800,661.29,660.37,0.0009,0.0132
13.11.2023 07:21:21.694 GMT-0800,661.48,660.37,0.0132,0.0132
13.11.2023 07:21:23.482 GMT-0800,661.38,660.37,0.0009,0.0132
13.11.2023 07:21:25.059 GMT-0800,661.38,660.13,0.0132,0.0132
13.11.2023 07:21:27.364 GMT-0800,660.66,660.13,0.0009,0.0132
13.11.2023 07:21:27.415 GMT-0800,660.95,660.13,0.0132,0.0132
13.11.2023 07:21:30.737 GMT-0800,660.37,659.63,0.0009,0.013
13.11.2023 07:21:30.788 GMT-0800,660.94,659.63,0.0132,0.0132
13.11.2023 07:21:32.831 GMT-0800,660.9300000000001,659.63,0.0009,0.0132
13.11.2023 07:21:33.546 GMT-0800,660.92,659.63,0.0009,0.0132
13.11.2023 07:21:34.594 GMT-0800,660.91,659.63,0.0009,0.0132
13.11.2023 07:21:35.617 GMT-0800,660.9,659.63,0.0009,0.0132
13.11.2023 07:21:39.353 GMT-0800,660.79,659.63,0.0009,0.0132
13.11.2023 07:21:50.395 GMT-0800,660.64,659.63,0.0009,0.0132
13.11.2023 07:21:55.141 GMT-0800,660.63,659.63,0.0009,0.0132
13.11.2023 07:22:03.407 GMT-0800,660.62,659.63,0.0009,0.0132
13.11.2023 07:22:03.457 GMT-0800,660.63,659.63,0.0132,0.0132
13.11.2023 07:22:04.074 GMT-0800,660.62,659.63,0.0009,0.0132
13.11.2023 07:22:22.667 GMT-0800,660.62,659.64,0.0132,0.0009
13.11.2023 07:22:22.969 GMT-0800,660.62,660.09,0.009,0.0009
13.11.2023 07:22:23.020 GMT-0800,660.79,660.09,0.0132,0.0132
13.11.2023 07:22:23.365 GMT-0800,660.79,659.64,0.0132,0.0132
13.11.2023 07:22:23.665 GMT-0800,660.79,660.27,0.009,0.0009
13.11.2023 07:22:23.716 GMT-0800,661.39,659.66,0.0132,0.0132
13.11.2023 07:22:24.752 GMT-0800,661.39,659.64,0.0132,0.0132
13.11.2023 07:22:25.729 GMT-0800,661.39,659.63,0.0132,0.0132
13.11.2023 07:22:42.397 GMT-0800,661.39,659.97,0.009,0.0009
13.11.2023 07:22:42.448 GMT-0800,661.48,659.98,0.0132,0.0132
13.11.2023 07:22:42.773 GMT-0800,661.48,659.97,0.0132,0.0132
13.11.2023 07:23:02.028 GMT-0800,661.48,659.67,0.0132,0.0132
13.11.2023 07:23:04.462 GMT-0800,661.29,659.67,0.0009,0.0132
13.11.2023 07:23:04.688 GMT-0800,661.29,659.6800000000001,0.0132,0.0009
13.11.2023 07:23:04.878 GMT-0800,660.69,659.63,0.0009,0.013
13.11.2023 07:23:04.929 GMT-0800,660.69,659.63,0.0132,0.0132
13.11.2023 07:23:09.231 GMT-0800,661.3000000000001,659.63,0.0132,0.0132
13.11.2023 07:23:45.286 GMT-0800,660.99,659.63,0.0009,0.0132
13.11.2023 07:24:00.125 GMT-0800,661,659.63,0.0132,0.0132
13.11.2023 07:24:05.128 GMT-0800,660.99,659.63,0.0009,0.0132
13.11.2023 07:24:05.229 GMT-0800,661,659.63,0.0132,0.0132
13.11.2023 07:24:10.867 GMT-0800,661.09,659.63,0.0132,0.0132
13.11.2023 07:24:14.143 GMT-0800,661.08,659.63,0.0009,0.0132
13.11.2023 07:24:18.456 GMT-0800,660.69,659.63,0.0009,0.0132
13.11.2023 07:24:26.746 GMT-0800,660.6800000000001,659.63,0.0009,0.0132
13.11.2023 07:24:31.388 GMT-0800,660.5,659.63,0.0009,0.0132
13.11.2023 07:24:42.002 GMT-0800,660.6800000000001,659.63,0.0132,0.0132
13.11.2023 07:24:42.300 GMT-0800,660.5,659.63,0.0009,0.0132
13.11.2023 07:24:53.090 GMT-0800,660.6800000000001,659.63,0.0132,0.0132
13.11.2023 07:24:53.335 GMT-0800,660.48,659.63,0.0009,0.0132
13.11.2023 07:24:53.838 GMT-0800,660.6800000000001,659.63,0.0132,0.0132
13.11.2023 07:24:55.320 GMT-0800,660.48,659.63,0.0009,0.0132
13.11.2023 07:24:57.564 GMT-0800,660.6800000000001,659.63,0.0132,0.0132
13.11.2023 07:25:00.115 GMT-0800,660.2,659.63,0.0009,0.0132
13.11.2023 07:25:00.166 GMT-0800,660.6800000000001,659.63,0.0132,0.0132
13.11.2023 07:25:00.439 GMT-0800,660.48,659.63,0.0009,0.0132
13.11.2023 07:25:03.226 GMT-0800,660.6800000000001,659.63,0.0132,0.0132
13.11.2023 07:25:03.510 GMT-0800,660.47,659.63,0.0009,0.0132
13.11.2023 07:25:04.095 GMT-0800,660.6800000000001,659.63,0.0132,0.0132
13.11.2023 07:25:04.648 GMT-0800,660.36,659.63,0.0009,0.0132
13.11.2023 07:25:05.132 GMT-0800,660.11,659.63,0.0009,0.0132
13.11.2023 07:25:05.182 GMT-0800,660.36,659.63,0.0132,0.0132
13.11.2023 07:25:05.305 GMT-0800,660.6800000000001,659.63,0.0132,0.0132
13.11.2023 07:25:05.575 GMT-0800,660.36,659.63,0.0009,0.0132
13.11.2023 07:25:06.692 GMT-0800,660.6800000000001,659.63,0.0132,0.0132
13.11.2023 07:25:08.286 GMT-0800,660.5600000000001,659.63,0.0009,0.0132
13.11.2023 07:25:08.336 GMT-0800,660.6800000000001,659.63,0.0132,0.0132
13.11.2023 07:25:08.624 GMT-0800,660.33,659.63,0.0009,0.0132
13.11.2023 07:25:08.893 GMT-0800,660.6800000000001,659.63,0.0132,0.0132
13.11.2023 07:25:12.519 GMT-0800,660.33,659.63,0.0009,0.0132
13.11.2023 07:25:12.719 GMT-0800,660.6800000000001,659.63,0.0132,0.0132
13.11.2023 07:25:13.768 GMT-0800,660.33,659.63,0.0009,0.0132
13.11.2023 07:25:17.092 GMT-0800,660.6800000000001,659.63,0.0132,0.0132
13.11.2023 07:25:17.200 GMT-0800,660.32,659.63,0.0009,0.0132
13.11.2023 07:25:17.696 GMT-0800,660.32,659.78,0.0132,0.0009
13.11.2023 07:25:19.159 GMT-0800,660.09,659.63,0.0009,0.013
13.11.2023 07:25:19.209 GMT-0800,660.3100000000001,659.3100000000001,0.0132,0.0132
13.11.2023 07:25:19.774 GMT-0800,659.95,659.3100000000001,0.0009,0.0132
13.11.2023 07:25:23.631 GMT-0800,659.73,659.3100000000001,0.0009,0.0132
13.11.2023 07:25:23.682 GMT-0800,659.95,659.3100000000001,0.0132,0.0132
13.11.2023 07:25:24.803 GMT-0800,659.96,659.3100000000001,0.0132,0.0132
13.11.2023 07:25:25.026 GMT-0800,659.84,659.3100000000001,0.0009,0.0132
13.11.2023 07:25:25.742 GMT-0800,659.96,659.3100000000001,0.0132,0.0132
13.11.2023 07:25:25.980 GMT-0800,659.95,659.3100000000001,0.0009,0.0132
13.11.2023 07:25:26.081 GMT-0800,659.67,659.26,0.0132,0.0132
13.11.2023 07:25:26.446 GMT-0800,659.95,659.26,0.0132,0.0132
13.11.2023 07:25:26.915 GMT-0800,659.96,659.26,0.0132,0.0132
13.11.2023 07:25:27.234 GMT-0800,659.84,659.26,0.0009,0.0132
13.11.2023 07:25:36.406 GMT-0800,659.96,659.26,0.0132,0.0132
13.11.2023 07:25:37.012 GMT-0800,659.84,659.26,0.0009,0.0132
13.11.2023 07:25:37.615 GMT-0800,659.96,659.26,0.0132,0.0132
13.11.2023 07:25:38.276 GMT-0800,659.86,659.26,0.0009,0.0132
13.11.2023 07:25:38.630 GMT-0800,659.96,659.26,0.0132,0.0132
13.11.2023 07:25:38.875 GMT-0800,659.91,659.26,0.0009,0.0132
13.11.2023 07:25:38.926 GMT-0800,659.96,659.26,0.0132,0.0132
13.11.2023 07:25:42.132 GMT-0800,659.84,659.26,0.0009,0.0132
13.11.2023 07:25:42.844 GMT-0800,659.96,659.26,0.0132,0.0132
13.11.2023 07:25:43.313 GMT-0800,659.9300000000001,659.26,0.0009,0.0132
13.11.2023 07:25:43.465 GMT-0800,659.96,659.26,0.0132,0.0132
13.11.2023 07:25:43.667 GMT-0800,659.9,659.26,0.0009,0.0132
13.11.2023 07:25:45.067 GMT-0800,659.96,659.26,0.0132,0.0132
13.11.2023 07:25:47.961 GMT-0800,659.84,659.26,0.0009,0.0132
13.11.2023 07:25:48.319 GMT-0800,659.96,659.26,0.0132,0.0132
13.11.2023 07:25:49.319 GMT-0800,659.84,659.26,0.0009,0.0132
13.11.2023 07:25:50.076 GMT-0800,659.96,659.26,0.0132,0.0132
13.11.2023 07:25:55.854 GMT-0800,659.96,659.57,0.009,0.0009
13.11.2023 07:25:55.969 GMT-0800,660.5,659.57,0.0132,0.0132
13.11.2023 07:25:56.264 GMT-0800,660.5,659.26,0.0132,0.0132
13.11.2023 07:26:04.547 GMT-0800,661.09,659.26,0.0132,0.0132
13.11.2023 07:26:11.194 GMT-0800,660.33,659.26,0.0009,0.0132
13.11.2023 07:26:20.180 GMT-0800,660.33,659.5600000000001,0.0132,0.0009
13.11.2023 07:26:20.332 GMT-0800,660.33,659.26,0.0132,0.0132
13.11.2023 07:26:25.900 GMT-0800,660.33,659.3100000000001,0.0132,0.0009
13.11.2023 07:26:26.112 GMT-0800,660.33,659.26,0.0132,0.0132
13.11.2023 07:26:26.163 GMT-0800,660.33,659.32,0.0132,0.0132
13.11.2023 07:26:26.315 GMT-0800,660.33,659.26,0.0132,0.0132
13.11.2023 07:26:26.508 GMT-0800,660.33,659.34,0.0132,0.0009
13.11.2023 07:26:26.711 GMT-0800,660.33,659.26,0.0132,0.0132
13.11.2023 07:26:26.912 GMT-0800,660.33,659.36,0.0132,0.0009
13.11.2023 07:26:27.133 GMT-0800,660.33,659.26,0.0132,0.0132
13.11.2023 07:26:27.525 GMT-0800,660.33,659.39,0.0132,0.0009
13.11.2023 07:26:27.724 GMT-0800,660.33,659.26,0.0132,0.0132
13.11.2023 07:26:28.089 GMT-0800,660.33,659.42,0.0132,0.0009
13.11.2023 07:26:30.113 GMT-0800,660.33,659.26,0.0132,0.0132
13.11.2023 07:27:14.455 GMT-0800,660.33,659.41,0.0132,0.0009
13.11.2023 07:27:33.386 GMT-0800,660.33,659.6800000000001,0.0132,0.0132
13.11.2023 07:27:34.399 GMT-0800,660.34,659.6800000000001,0.0132,0.0132
13.11.2023 07:27:37.476 GMT-0800,660.0500000000001,659.26,0.0009,0.013
13.11.2023 07:27:37.527 GMT-0800,660.0500000000001,659.26,0.0132,0.0132
13.11.2023 07:27:37.878 GMT-0800,660.34,659.26,0.0132,0.0132
13.11.2023 07:27:40.161 GMT-0800,660.03,659.26,0.0009,0.0132
13.11.2023 07:28:09.471 GMT-0800,660.02,659.26,0.0009,0.0132
13.11.2023 07:29:14.084 GMT-0800,660.02,659.61,0.009,0.0009
13.11.2023 07:29:14.135 GMT-0800,660.63,659.62,0.0132,0.013
13.11.2023 07:29:14.186 GMT-0800,660.63,659.62,0.0132,0.0132
13.11.2023 07:29:14.467 GMT-0800,660.63,659.61,0.0132,0.0132
13.11.2023 07:29:15.119 GMT-0800,660.63,659.26,0.0132,0.0132
13.11.2023 07:29:32.824 GMT-0800,660.32,659.26,0.0009,0.0132
13.11.2023 07:29:43.949 GMT-0800,660.28,659.26,0.0009,0.0132
13.11.2023 07:29:46.444 GMT-0800,660.26,659.64,0.0132,0.0009
13.11.2023 07:29:52.369 GMT-0800,660.26,659.26,0.0132,0.0132
13.11.2023 07:29:55.682 GMT-0800,660.2,659.26,0.0009,0.0132
13.11.2023 07:29:55.733 GMT-0800,660.26,659.26,0.0132,0.0132
13.11.2023 07:30:04.136 GMT-0800,660.25,659.26,0.0009,0.0132
13.11.2023 07:30:05.080 GMT-0800,660.25,659.4,0.0132,0.0009
13.11.2023 07:30:12.747 GMT-0800,660.24,659.4,0.0009,0.0132
13.11.2023 07:30:12.849 GMT-0800,659.57,659.12,0.0132,0.0132
13.11.2023 07:30:13.073 GMT-0800,659.57,659.0500000000001,0.0132,0.0132
13.11.2023 07:30:13.204 GMT-0800,659.79,659.0500000000001,0.0132,0.0132
13.11.2023 07:30:14.503 GMT-0800,659.46,658.4,0.0009,0.013
13.11.2023 07:30:14.554 GMT-0800,659.46,658.4,0.0132,0.0132
13.11.2023 07:30:14.904 GMT-0800,659.79,658.4,0.0132,0.0132
13.11.2023 07:30:53.772 GMT-0800,659.59,658.4,0.0009,0.0132
13.11.2023 07:30:53.823 GMT-0800,659.79,658.4,0.0132,0.0132
13.11.2023 07:32:01.365 GMT-0800,659.79,658.48,0.0132,0.0009
13.11.2023 07:32:06.725 GMT-0800,659.79,658.58,0.0132,0.0009
13.11.2023 07:32:28.241 GMT-0800,659.79,658.48,0.0132,0.0132
13.11.2023 07:32:32.465 GMT-0800,659.79,658.62,0.0132,0.0009
13.11.2023 07:33:43.392 GMT-0800,659.79,658.88,0.0132,0.0009
13.11.2023 07:33:46.930 GMT-0800,659.79,658.62,0.0132,0.0132
13.11.2023 07:33:50.929 GMT-0800,659.79,658.72,0.0132,0.0009
13.11.2023 07:33:51.113 GMT-0800,659.79,658.72,0.0132,0.013
13.11.2023 07:33:51.164 GMT-0800,659.79,658.72,0.0132,0.0132
13.11.2023 07:33:51.755 GMT-0800,659.79,658.62,0.0132,0.0132
13.11.2023 07:33:51.998 GMT-0800,659.79,658.96,0.0132,0.0009
13.11.2023 07:33:52.100 GMT-0800,659.79,659.1,0.0132,0.0132
13.11.2023 07:33:59.524 GMT-0800,659.79,658.96,0.0132,0.0132
13.11.2023 07:34:03.566 GMT-0800,659.79,658.74,0.0132,0.0132
13.11.2023 07:34:05.481 GMT-0800,659.4300000000001,658.74,0.0009,0.0132
13.11.2023 07:34:05.532 GMT-0800,659.79,658.74,0.0132,0.0132
13.11.2023 07:34:19.971 GMT-0800,659.79,658.62,0.0132,0.0132
13.11.2023 07:34:25.698 GMT-0800,659.79,658.8100000000001,0.0132,0.0009
13.11.2023 07:34:34.574 GMT-0800,659.79,658.62,0.0132,0.0132
13.11.2023 07:34:42.195 GMT-0800,659.77,658.62,0.0009,0.0132
13.11.2023 07:34:42.297 GMT-0800,659.77,658.65,0.0132,0.0132
13.11.2023 07:34:44.283 GMT-0800,659.77,658.62,0.0132,0.0132
13.11.2023 07:34:45.415 GMT-0800,659.77,658.73,0.0132,0.0009
13.11.2023 07:34:46.758 GMT-0800,659.77,658.84,0.0132,0.0009
13.11.2023 07:34:46.910 GMT-0800,659.77,658.62,0.0132,0.0132
13.11.2023 07:34:49.112 GMT-0800,659.77,658.73,0.0132,0.0132
13.11.2023 07:34:51.125 GMT-0800,659.77,658.62,0.0132,0.0132
13.11.2023 07:34:52.083 GMT-0800,659.77,659.04,0.0132,0.0009
13.11.2023 07:35:02.136 GMT-0800,659.77,658.62,0.0132,0.0132
13.11.2023 07:35:09.182 GMT-0800,659.77,658.97,0.0132,0.0009
13.11.2023 07:35:09.363 GMT-0800,659.77,658.89,0.0132,0.0132
13.11.2023 07:35:09.798 GMT-0800,659.77,658.62,0.0132,0.0132
13.11.2023 07:35:30.028 GMT-0800,659.77,658.6800000000001,0.0132,0.0009
13.11.2023 07:35:33.586 GMT-0800,659.77,659.65,0.009,0.0009
13.11.2023 07:35:33.637 GMT-0800,660.63,659.66,0.0132,0.0132
13.11.2023 07:35:33.822 GMT-0800,661.12,659.66,0.0132,0.0132
13.11.2023 07:35:34.099 GMT-0800,661.12,658.7,0.0132,0.0132
13.11.2023 07:35:34.656 GMT-0800,661.12,658.62,0.0132,0.0132
13.11.2023 07:35:40.179 GMT-0800,661.12,659.47,0.0132,0.0009
13.11.2023 07:35:43.351 GMT-0800,661.12,658.62,0.0132,0.0132
13.11.2023 07:35:46.439 GMT-0800,661.12,659.47,0.0132,0.0009
13.11.2023 07:36:05.663 GMT-0800,660.23,659.47,0.0009,0.0132
13.11.2023 07:36:06.277 GMT-0800,660.23,659.21,0.0132,0.0132
13.11.2023 07:36:08.339 GMT-0800,660.23,659.13,0.0132,0.0132
13.11.2023 07:36:10.683 GMT-0800,660.23,659.21,0.0132,0.0009
13.11.2023 07:36:10.796 GMT-0800,660.23,659.5,0.0132,0.0009
13.11.2023 07:36:17.049 GMT-0800,661.12,659.5,0.0132,0.0132
13.11.2023 07:36:20.382 GMT-0800,661.12,659.53,0.0132,0.0132
13.11.2023 07:36:23.851 GMT-0800,660.26,659.53,0.0009,0.0132
13.11.2023 07:36:23.902 GMT-0800,661.03,659.54,0.0132,0.0132
13.11.2023 07:36:24.116 GMT-0800,661.03,659.77,0.0132,0.0132
13.11.2023 07:36:24.227 GMT-0800,661.03,659.54,0.0132,0.0132
13.11.2023 07:36:24.918 GMT-0800,661.03,659.53,0.0132,0.0132
13.11.2023 07:36:25.136 GMT-0800,661.13,659.53,0.0132,0.0132
13.11.2023 07:36:26.873 GMT-0800,661.13,659.58,0.0132,0.0009
13.11.2023 07:36:27.912 GMT-0800,661.03,659.86,0.0132,0.0132
13.11.2023 07:36:28.015 GMT-0800,661.03,659.78,0.0132,0.0132
13.11.2023 07:36:28.497 GMT-0800,661.03,659.9300000000001,0.0132,0.0009
13.11.2023 07:36:28.743 GMT-0800,661.03,660.15,0.0132,0.0009
13.11.2023 07:36:29.150 GMT-0800,661.07,660.15,0.0132,0.0132
13.11.2023 07:36:33.263 GMT-0800,661.03,660.15,0.0009,0.0132
13.11.2023 07:36:50.056 GMT-0800,660.63,659.95,0.0009,0.013
13.11.2023 07:36:50.113 GMT-0800,660.63,659.95,0.0132,0.0132
13.11.2023 07:36:50.458 GMT-0800,660.87,659.95,0.0132,0.0132
13.11.2023 07:36:51.105 GMT-0800,661.03,659.95,0.0132,0.0132
13.11.2023 07:36:51.348 GMT-0800,661.07,659.9300000000001,0.0132,0.0132
13.11.2023 07:36:58.176 GMT-0800,660.96,659.9300000000001,0.0009,0.0132
13.11.2023 07:37:00.616 GMT-0800,661.07,659.9300000000001,0.0132,0.0132
13.11.2023 07:37:03.137 GMT-0800,660.9300000000001,659.9300000000001,0.0009,0.0132
13.11.2023 07:37:03.394 GMT-0800,660.9300000000001,660.2,0.009,0.0009
13.11.2023 07:37:03.446 GMT-0800,660.96,659.9300000000001,0.0132,0.0132
13.11.2023 07:37:03.497 GMT-0800,661.13,659.9300000000001,0.0132,0.0132
13.11.2023 07:37:03.998 GMT-0800,660.97,659.9300000000001,0.0009,0.0132
13.11.2023 07:37:04.466 GMT-0800,661.02,659.9300000000001,0.0132,0.0132
13.11.2023 07:37:05.133 GMT-0800,661.0600000000001,659.9300000000001,0.0132,0.0132
13.11.2023 07:37:06.642 GMT-0800,661.0600000000001,660.2,0.0132,0.0009
13.11.2023 07:37:06.743 GMT-0800,661.13,659.9300000000001,0.0132,0.0132
13.11.2023 07:37:27.222 GMT-0800,661.13,659.92,0.0132,0.0132
13.11.2023 07:37:57.500 GMT-0800,661.13,660.12,0.0132,0.0009
13.11.2023 07:38:07.502 GMT-0800,661.13,659.76,0.0132,0.0132
13.11.2023 07:38:08.600 GMT-0800,661.13,659.7,0.0132,0.0132
13.11.2023 07:38:10.810 GMT-0800,661.13,659.75,0.0132,0.0009
13.11.2023 07:38:29.336 GMT-0800,661.29,659.75,0.0132,0.0132
13.11.2023 07:38:38.754 GMT-0800,661.29,659.85,0.0132,0.0009
13.11.2023 07:38:43.799 GMT-0800,661.19,659.75,0.0009,0.013
13.11.2023 07:38:43.850 GMT-0800,661.19,659.75,0.0132,0.0132
13.11.2023 07:38:44.861 GMT-0800,661.19,659.85,0.0132,0.0009
13.11.2023 07:38:58.697 GMT-0800,661.19,659.75,0.0132,0.0132
13.11.2023 07:39:02.700 GMT-0800,661.19,659.85,0.0132,0.0009
13.11.2023 07:39:03.573 GMT-0800,661.19,660.17,0.0132,0.0009
13.11.2023 07:39:09.411 GMT-0800,661.29,660.17,0.0132,0.0132
13.11.2023 07:39:13.659 GMT-0800,661.29,659.85,0.0132,0.0132
13.11.2023 07:39:21.197 GMT-0800,661.25,659.75,0.0009,0.013
13.11.2023 07:39:21.248 GMT-0800,661.29,659.75,0.0132,0.0132
13.11.2023 07:39:21.299 GMT-0800,661.16,659.75,0.0132,0.0132
13.11.2023 07:39:21.349 GMT-0800,661.13,659.7,0.0132,0.0132
13.11.2023 07:39:21.400 GMT-0800,661.22,659.7,0.0132,0.0132
13.11.2023 07:39:21.538 GMT-0800,661.29,659.7,0.0132,0.0132
13.11.2023 07:39:22.047 GMT-0800,661,659.7,0.0009,0.0132
13.11.2023 07:39:36.062 GMT-0800,660.45,659.7,0.0009,0.0132
13.11.2023 07:39:36.113 GMT-0800,660.98,659.7,0.0132,0.0132
13.11.2023 07:39:36.550 GMT-0800,661,659.7,0.0132,0.0132
13.11.2023 07:39:53.094 GMT-0800,661,659.82,0.0132,0.0009
13.11.2023 07:40:01.005 GMT-0800,660.33,659.82,0.0009,0.0132
13.11.2023 07:40:04.063 GMT-0800,660.9300000000001,659.82,0.0132,0.0132
13.11.2023 07:40:09.825 GMT-0800,660.83,659.82,0.0009,0.0132
13.11.2023 07:40:12.538 GMT-0800,660.9300000000001,659.82,0.0132,0.0132
13.11.2023 07:40:40.300 GMT-0800,660.29,659.82,0.0009,0.0132
13.11.2023 07:40:40.431 GMT-0800,660.87,659.82,0.0009,0.0132
13.11.2023 07:41:12.223 GMT-0800,660.9300000000001,659.82,0.0132,0.0132
13.11.2023 07:41:14.340 GMT-0800,661.0500000000001,659.82,0.0132,0.0132
13.11.2023 07:41:21.092 GMT-0800,661.17,659.82,0.0132,0.0132
13.11.2023 07:41:25.322 GMT-0800,661.0600000000001,659.82,0.0009,0.0132
13.11.2023 07:41:43.512 GMT-0800,660.59,659.82,0.0009,0.0132
13.11.2023 07:43:17.784 GMT-0800,660.59,660.48,0.009,0.0009
13.11.2023 07:43:17.836 GMT-0800,660.59,659.95,0.009,0.0009
13.11.2023 07:43:17.943 GMT-0800,661.36,659.95,0.0132,0.0132
13.11.2023 07:43:19.576 GMT-0800,661.38,659.87,0.0132,0.0132
13.11.2023 07:43:20.783 GMT-0800,661.38,659.95,0.0132,0.0009
13.11.2023 07:43:21.077 GMT-0800,661.38,659.87,0.0132,0.0132
13.11.2023 07:43:21.309 GMT-0800,661.38,660.08,0.0132,0.0009
13.11.2023 07:43:29.824 GMT-0800,661.52,660.08,0.0132,0.0132
13.11.2023 07:43:43.546 GMT-0800,661.0600000000001,660.08,0.0009,0.0132
13.11.2023 07:43:52.352 GMT-0800,661.0600000000001,659.9300000000001,0.0132,0.0132
13.11.2023 07:43:57.439 GMT-0800,661.52,659.9300000000001,0.0132,0.0132
13.11.2023 07:43:59.286 GMT-0800,661.52,659.83,0.0132,0.0132
13.11.2023 07:44:04.333 GMT-0800,661.52,659.72,0.0132,0.0132
13.11.2023 07:44:05.404 GMT-0800,661.52,660.08,0.0132,0.0009
13.11.2023 07:44:08.612 GMT-0800,661.42,660.08,0.0009,0.0132
13.11.2023 07:44:16.569 GMT-0800,661.52,660.08,0.0132,0.0132
13.11.2023 07:44:16.693 GMT-0800,661.42,660.08,0.0009,0.0132
13.11.2023 07:44:29.490 GMT-0800,661.32,660.08,0.0009,0.0132
13.11.2023 07:44:39.984 GMT-0800,661.32,660.23,0.0132,0.0132
13.11.2023 07:44:44.748 GMT-0800,661.42,660.23,0.0132,0.0132
13.11.2023 07:45:11.744 GMT-0800,661.32,660.23,0.0009,0.0132
13.11.2023 07:45:12.340 GMT-0800,661.12,660.23,0.0009,0.0132
13.11.2023 07:45:39.089 GMT-0800,661.12,660.29,0.0132,0.0009
13.11.2023 07:45:39.886 GMT-0800,661.12,660.3000000000001,0.0132,0.0009
13.11.2023 07:45:40.567 GMT-0800,661.52,660.3000000000001,0.0132,0.0132
13.11.2023 07:45:42.932 GMT-0800,661.52,660.29,0.0132,0.0132
13.11.2023 07:45:46.895 GMT-0800,661.52,660.04,0.0132,0.0132
13.11.2023 07:45:48.231 GMT-0800,661.52,660.39,0.0132,0.0009
13.11.2023 07:45:48.709 GMT-0800,661.52,660.84,0.0132,0.0132
13.11.2023 07:45:48.760 GMT-0800,661.52,660.63,0.0132,0.0132
13.11.2023 07:45:54.630 GMT-0800,661.46,660.63,0.0009,0.0132
13.11.2023 07:45:55.339 GMT-0800,661.46,661.02,0.0132,0.0009
13.11.2023 07:45:55.390 GMT-0800,661.46,660.63,0.0132,0.0132
13.11.2023 07:45:57.632 GMT-0800,661.52,660.63,0.0132,0.0132
13.11.2023 07:46:09.745 GMT-0800,661.52,660.87,0.0132,0.0009
13.11.2023 07:46:16.245 GMT-0800,661.52,660.88,0.0132,0.0009
13.11.2023 07:46:19.150 GMT-0800,661.32,660.88,0.0009,0.0132
13.11.2023 07:46:19.251 GMT-0800,661.52,660.88,0.0132,0.0132
13.11.2023 07:46:20.522 GMT-0800,661.52,660.63,0.0132,0.0132
13.11.2023 07:46:22.190 GMT-0800,661.26,660.63,0.0009,0.0132
13.11.2023 07:46:22.241 GMT-0800,661.52,660.63,0.0132,0.0132
13.11.2023 07:46:53.785 GMT-0800,661.52,660.64,0.0132,0.0009
13.11.2023 07:46:53.886 GMT-0800,661.52,660.63,0.0132,0.0132
13.11.2023 07:46:54.436 GMT-0800,661.52,660.69,0.0132,0.0009
13.11.2023 07:46:54.646 GMT-0800,661.52,660.7,0.0132,0.0009
13.11.2023 07:46:54.697 GMT-0800,661.52,660.69,0.0132,0.0132
13.11.2023 07:46:55.038 GMT-0800,661.52,660.73,0.0132,0.0009
13.11.2023 07:46:55.250 GMT-0800,661.52,660.69,0.0132,0.0132
13.11.2023 07:46:55.433 GMT-0800,661.52,660.75,0.0132,0.0009
13.11.2023 07:46:55.705 GMT-0800,661.52,660.69,0.0132,0.0132
13.11.2023 07:46:57.047 GMT-0800,661.52,660.83,0.0132,0.0009
13.11.2023 07:46:57.256 GMT-0800,661.52,660.69,0.0132,0.0132
13.11.2023 07:47:01.021 GMT-0800,661.52,660.79,0.0132,0.0009
13.11.2023 07:47:06.347 GMT-0800,661.52,660.63,0.0132,0.0132
13.11.2023 07:47:08.086 GMT-0800,661.52,660.79,0.0132,0.0009
13.11.2023 07:47:08.631 GMT-0800,661.52,660.63,0.0132,0.0132
13.11.2023 07:47:17.782 GMT-0800,661.52,660.84,0.0132,0.0009
13.11.2023 07:47:18.206 GMT-0800,661.52,660.87,0.0132,0.0009
13.11.2023 07:47:18.311 GMT-0800,661.52,660.84,0.0132,0.0132
13.11.2023 07:47:18.535 GMT-0800,661.52,660.9,0.0132,0.0009
13.11.2023 07:47:19.450 GMT-0800,661.52,660.84,0.0132,0.0132
13.11.2023 07:47:19.500 GMT-0800,661.52,660.92,0.0132,0.0132
13.11.2023 07:47:30.111 GMT-0800,661.52,660.63,0.0132,0.0132
13.11.2023 07:47:40.302 GMT-0800,661.52,660.67,0.0132,0.0009
13.11.2023 07:47:43.502 GMT-0800,661.52,660.78,0.0132,0.0009
13.11.2023 07:47:43.603 GMT-0800,661.52,660.67,0.0132,0.0132
13.11.2023 07:47:52.283 GMT-0800,661.52,660.9300000000001,0.0132,0.0009
13.11.2023 07:48:02.892 GMT-0800,661.52,660.63,0.0132,0.0132
13.11.2023 07:48:06.014 GMT-0800,661.1,660.63,0.0009,0.0132
13.11.2023 07:48:06.065 GMT-0800,661.52,660.63,0.0132,0.0132
13.11.2023 07:48:06.211 GMT-0800,661.01,659.94,0.0009,0.013
13.11.2023 07:48:06.263 GMT-0800,661.52,659.94,0.0132,0.0132
13.11.2023 07:48:08.759 GMT-0800,661.52,660.09,0.0132,0.0132
13.11.2023 07:49:56.713 GMT-0800,661.52,660.17,0.0132,0.0009
13.11.2023 07:50:00.108 GMT-0800,661.52,660.09,0.0132,0.0132
13.11.2023 07:50:01.031 GMT-0800,660.86,660.09,0.0009,0.0132
13.11.2023 07:50:01.081 GMT-0800,661.52,660.09,0.0132,0.0132
13.11.2023 07:51:06.055 GMT-0800,661.26,660.09,0.0009,0.0132
13.11.2023 07:51:06.105 GMT-0800,661.52,660.09,0.0132,0.0132
13.11.2023 07:51:08.029 GMT-0800,661.29,660.09,0.0009,0.0132
13.11.2023 07:51:15.237 GMT-0800,661.52,660.09,0.0132,0.0132
13.11.2023 07:51:15.484 GMT-0800,661.28,660.09,0.0009,0.0132
13.11.2023 07:51:32.157 GMT-0800,661.52,660.09,0.0132,0.0132
13.11.2023 07:51:32.425 GMT-0800,661.27,660.09,0.0009,0.0132
13.11.2023 07:51:40.606 GMT-0800,661.52,660.09,0.0132,0.0132
13.11.2023 07:51:41.148 GMT-0800,661.26,660.09,0.0009,0.0132
13.11.2023 07:51:43.534 GMT-0800,661.26,660.1800000000001,0.0132,0.0009
13.11.2023 07:51:44.091 GMT-0800,661.52,660.1800000000001,0.0132,0.0132
13.11.2023 07:51:44.346 GMT-0800,661.25,660.1800000000001,0.0009,0.0132
13.11.2023 07:51:45.406 GMT-0800,661.25,660.09,0.0132,0.0132
13.11.2023 07:51:45.456 GMT-0800,661.25,660.19,0.0132,0.0132
13.11.2023 07:52:23.611 GMT-0800,661.25,660.09,0.0132,0.0132
13.11.2023 07:52:23.662 GMT-0800,661.25,660.2,0.0132,0.0132
13.11.2023 07:52:30.108 GMT-0800,661.25,660.19,0.0132,0.0132
13.11.2023 07:53:02.568 GMT-0800,661.24,660.19,0.0009,0.0132
13.11.2023 07:53:05.192 GMT-0800,660.99,660.19,0.0009,0.0132
13.11.2023 07:53:05.293 GMT-0800,660.76,660.19,0.0132,0.0132
13.11.2023 07:53:05.343 GMT-0800,660.99,660.19,0.0132,0.0132
13.11.2023 07:54:17.303 GMT-0800,660.99,660.2,0.0132,0.0009
13.11.2023 07:54:25.549 GMT-0800,660.99,660.21,0.0132,0.0132
13.11.2023 07:54:44.370 GMT-0800,660.99,660.19,0.0132,0.0132
13.11.2023 07:55:03.353 GMT-0800,660.6,660.19,0.0009,0.0132
13.11.2023 07:55:27.808 GMT-0800,660.6,660.1800000000001,0.0132,0.0132
13.11.2023 07:55:36.659 GMT-0800,661.25,660.1800000000001,0.0132,0.0132
13.11.2023 07:55:36.912 GMT-0800,660.91,660.1800000000001,0.0009,0.0132
13.11.2023 07:55:40.916 GMT-0800,660.91,660.27,0.0132,0.0009
13.11.2023 07:55:45.991 GMT-0800,660.91,660.26,0.0132,0.0132
13.11.2023 07:55:53.565 GMT-0800,661.25,660.26,0.0132,0.0132
13.11.2023 07:55:53.730 GMT-0800,660.9,660.26,0.0009,0.0132
13.11.2023 07:56:00.640 GMT-0800,661.25,660.26,0.0132,0.0132
13.11.2023 07:56:01.502 GMT-0800,661.01,660.26,0.0009,0.0132
13.11.2023 07:56:01.984 GMT-0800,661.25,660.26,0.0132,0.0132
13.11.2023 07:56:05.199 GMT-0800,660.95,660.26,0.0009,0.0132
13.11.2023 07:56:06.904 GMT-0800,661.25,660.26,0.0132,0.0132
13.11.2023 07:56:10.393 GMT-0800,660.91,660.26,0.0009,0.0132
13.11.2023 07:56:10.494 GMT-0800,660.91,660.3000000000001,0.0132,0.0132
13.11.2023 07:56:11.549 GMT-0800,661.25,660.3000000000001,0.0132,0.0132
13.11.2023 07:56:13.197 GMT-0800,661.25,660.51,0.0132,0.0009
13.11.2023 07:56:13.303 GMT-0800,661.25,660.3000000000001,0.0132,0.0132
13.11.2023 07:56:33.763 GMT-0800,661.25,660.32,0.0132,0.0009
13.11.2023 07:57:28.090 GMT-0800,661.25,660.33,0.0132,0.0132
13.11.2023 07:57:35.219 GMT-0800,661,660.33,0.0009,0.0132
13.11.2023 07:57:35.270 GMT-0800,661.25,660.33,0.0132,0.0132
13.11.2023 07:57:37.539 GMT-0800,661.22,660.33,0.0009,0.0132
13.11.2023 07:57:38.091 GMT-0800,660.78,660.33,0.0009,0.0132
13.11.2023 07:57:38.142 GMT-0800,661.22,660.33,0.0132,0.0132
13.11.2023 07:57:39.443 GMT-0800,661.22,660.51,0.0132,0.0009
13.11.2023 07:57:39.494 GMT-0800,661.22,660.33,0.0132,0.0132
13.11.2023 07:57:41.386 GMT-0800,661.0500000000001,660.33,0.0009,0.0132
13.11.2023 07:57:41.509 GMT-0800,661.22,660.33,0.0132,0.0132
13.11.2023 07:57:41.672 GMT-0800,660.83,660.33,0.0009,0.0132
13.11.2023 07:57:47.527 GMT-0800,661.25,660.33,0.0132,0.0132
13.11.2023 07:57:48.878 GMT-0800,660.82,660.33,0.0009,0.0132
13.11.2023 07:58:15.840 GMT-0800,660.82,660.26,0.0132,0.0132
13.11.2023 07:58:30.583 GMT-0800,660.82,660.52,0.009,0.0009
13.11.2023 07:58:30.634 GMT-0800,661.25,660.53,0.0132,0.0132
13.11.2023 07:58:31.210 GMT-0800,661.25,660.54,0.0132,0.0009
13.11.2023 07:58:33.481 GMT-0800,661.25,660.26,0.0132,0.0132
13.11.2023 07:58:35.926 GMT-0800,661.25,660.73,0.0132,0.0009
13.11.2023 07:58:35.976 GMT-0800,661.25,660.26,0.0132,0.0132
13.11.2023 08:00:05.216 GMT-0800,661.25,660.4,0.0132,0.0009
13.11.2023 08:00:21.832 GMT-0800,661.25,660.41,0.0132,0.0009
13.11.2023 08:00:43.609 GMT-0800,661.25,660.4,0.0132,0.0132
13.11.2023 08:00:53.256 GMT-0800,661.25,660.85,0.0132,0.0009
13.11.2023 08:01:01.673 GMT-0800,661.25,660.75,0.0132,0.0132
13.11.2023 08:01:01.977 GMT-0800,661.25,660.66,0.0132,0.0132
13.11.2023 08:01:03.442 GMT-0800,661.25,660.85,0.0132,0.0009
13.11.2023 08:01:47.936 GMT-0800,661.25,660.29,0.0132,0.0132
13.11.2023 08:01:50.166 GMT-0800,661.25,660.41,0.0132,0.0009
13.11.2023 08:01:57.919 GMT-0800,660.72,660.1800000000001,0.0009,0.013
13.11.2023 08:01:57.970 GMT-0800,660.88,660.1800000000001,0.0132,0.0132
13.11.2023 08:01:59.867 GMT-0800,660.94,660.1800000000001,0.0132,0.0132
13.11.2023 08:02:00.017 GMT-0800,660.86,660.1800000000001,0.0009,0.0132
13.11.2023 08:02:17.820 GMT-0800,660.86,659.28,0.0132,0.0132
13.11.2023 08:02:18.138 GMT-0800,660.86,659.59,0.0132,0.0009
13.11.2023 08:04:13.610 GMT-0800,661.04,659.59,0.0132,0.0132
13.11.2023 08:04:13.842 GMT-0800,660.87,659.6800000000001,0.0009,0.0009
13.11.2023 08:04:14.511 GMT-0800,661.04,659.6800000000001,0.0132,0.0132
13.11.2023 08:04:14.738 GMT-0800,660.86,659.6800000000001,0.0009,0.0132
13.11.2023 08:04:29.610 GMT-0800,660.86,659.59,0.0132,0.0132
13.11.2023 08:05:03.675 GMT-0800,660.86,659.96,0.0132,0.0009
13.11.2023 08:05:09.744 GMT-0800,660.45,659.96,0.0009,0.0132
13.11.2023 08:05:10.204 GMT-0800,660.86,659.96,0.0132,0.0132
13.11.2023 08:05:11.627 GMT-0800,661.04,659.96,0.0132,0.0132
13.11.2023 08:05:11.887 GMT-0800,660.85,659.96,0.0009,0.0132
13.11.2023 08:05:16.857 GMT-0800,660.2,659.59,0.0009,0.013
13.11.2023 08:05:16.908 GMT-0800,660.84,659.59,0.0132,0.0132
13.11.2023 08:05:17.173 GMT-0800,660.76,659.59,0.0009,0.0132
13.11.2023 08:05:19.926 GMT-0800,661,659.59,0.0132,0.0132
13.11.2023 08:05:22.148 GMT-0800,661.04,659.59,0.0132,0.0132
13.11.2023 08:05:22.351 GMT-0800,661,659.59,0.0009,0.0132
13.11.2023 08:05:22.452 GMT-0800,661.04,659.59,0.0132,0.0132
13.11.2023 08:06:25.484 GMT-0800,661.04,659.79,0.0132,0.0009
13.11.2023 08:07:05.996 GMT-0800,661.04,659.59,0.0132,0.0132
13.11.2023 08:07:15.783 GMT-0800,660.76,659.59,0.0009,0.0132
13.11.2023 08:07:16.708 GMT-0800,661.04,659.59,0.0132,0.0132
13.11.2023 08:07:20.728 GMT-0800,660.45,660.16,0.0009,0.0009
13.11.2023 08:07:20.829 GMT-0800,660.35,659.59,0.0132,0.0132
13.11.2023 08:07:20.884 GMT-0800,660.35,659.64,0.009,0.0009
13.11.2023 08:07:20.934 GMT-0800,661.04,659.64,0.0132,0.0132
13.11.2023 08:07:21.710 GMT-0800,660.96,659.64,0.0009,0.0132
13.11.2023 08:07:28.536 GMT-0800,660.96,659.59,0.0132,0.0132
13.11.2023 08:08:13.381 GMT-0800,660.5,659.59,0.0009,0.0132
13.11.2023 08:08:13.432 GMT-0800,660.96,659.59,0.0132,0.0132
13.11.2023 08:08:17.025 GMT-0800,660.7,659.59,0.0009,0.0132
13.11.2023 08:08:28.224 GMT-0800,661.04,659.59,0.0132,0.0132
13.11.2023 08:08:46.138 GMT-0800,660.77,659.59,0.0009,0.0132
13.11.2023 08:08:50.572 GMT-0800,661.04,659.59,0.0132,0.0132
13.11.2023 08:08:50.807 GMT-0800,660.76,659.59,0.0009,0.0132
13.11.2023 08:09:15.198 GMT-0800,661.04,659.59,0.0132,0.0132
13.11.2023 08:09:15.749 GMT-0800,660.76,659.59,0.0009,0.0132
13.11.2023 08:10:11.823 GMT-0800,660.76,659.6800000000001,0.0132,0.0009
13.11.2023 08:10:14.804 GMT-0800,660.78,659.6800000000001,0.0132,0.0132
13.11.2023 08:10:15.051 GMT-0800,660.77,659.6800000000001,0.0009,0.0132
13.11.2023 08:10:16.150 GMT-0800,660.78,659.6800000000001,0.0132,0.0132
13.11.2023 08:10:16.376 GMT-0800,660.76,659.6800000000001,0.0009,0.0132
13.11.2023 08:10:28.088 GMT-0800,660.76,659.59,0.0132,0.0132
13.11.2023 08:10:47.596 GMT-0800,660.76,659.6,0.0132,0.0009
13.11.2023 08:11:05.248 GMT-0800,660.76,659.59,0.0132,0.0132
13.11.2023 08:11:20.952 GMT-0800,660.76,659.6,0.0132,0.0009
13.11.2023 08:11:26.627 GMT-0800,660.76,659.66,0.0132,0.0009
13.11.2023 08:11:27.443 GMT-0800,660.76,659.72,0.0132,0.0009
13.11.2023 08:11:29.538 GMT-0800,660.76,659.78,0.0132,0.0009
13.11.2023 08:11:45.175 GMT-0800,660.76,659.65,0.0132,0.0132
13.11.2023 08:12:00.194 GMT-0800,660.76,659.67,0.0132,0.0009
13.11.2023 08:12:02.119 GMT-0800,660.76,659.73,0.0132,0.0009
13.11.2023 08:12:02.717 GMT-0800,660.76,659.79,0.0132,0.0009
13.11.2023 08:12:03.795 GMT-0800,660.76,659.85,0.0132,0.0009
13.11.2023 08:12:04.014 GMT-0800,660.75,659.85,0.0009,0.0132
13.11.2023 08:12:04.728 GMT-0800,660.75,660.29,0.0132,0.0009
13.11.2023 08:12:04.778 GMT-0800,660.75,659.85,0.0132,0.0132
13.11.2023 08:12:04.829 GMT-0800,660.75,660.08,0.0132,0.0009
13.11.2023 08:12:07.710 GMT-0800,660.75,660.53,0.009,0.0009
13.11.2023 08:12:07.761 GMT-0800,661.04,660.14,0.0132,0.0132
13.11.2023 08:12:08.008 GMT-0800,661.04,660.37,0.0132,0.0009
13.11.2023 08:12:19.158 GMT-0800,661.04,660.69,0.0132,0.0009
13.11.2023 08:12:24.858 GMT-0800,661.25,660.69,0.0132,0.0132
13.11.2023 08:12:35.245 GMT-0800,661.25,660.52,0.0132,0.0132
13.11.2023 08:12:39.856 GMT-0800,661.25,660.9300000000001,0.009,0.0009
13.11.2023 08:12:39.907 GMT-0800,661.37,660.52,0.0132,0.0132
13.11.2023 08:12:53.509 GMT-0800,661.37,660.51,0.0132,0.0132
13.11.2023 08:13:03.623 GMT-0800,662.32,661.37,0.0132,0.0132
13.11.2023 08:13:04.630 GMT-0800,662.32,661.17,0.0132,0.0132
13.11.2023 08:13:20.215 GMT-0800,662.32,660.99,0.0132,0.0132
13.11.2023 08:13:22.815 GMT-0800,662.32,661.0500000000001,0.0132,0.0009
13.11.2023 08:13:28.990 GMT-0800,662.32,661.51,0.0132,0.0009
13.11.2023 08:13:30.957 GMT-0800,662.41,661.51,0.0132,0.0132
13.11.2023 08:13:40.339 GMT-0800,662.41,661.71,0.0132,0.0009
13.11.2023 08:13:40.390 GMT-0800,662.41,661.52,0.0132,0.0009
13.11.2023 08:13:40.441 GMT-0800,662.41,661.57,0.0132,0.0132
13.11.2023 08:13:55.212 GMT-0800,662.41,661.63,0.0132,0.0009
13.11.2023 08:14:08.168 GMT-0800,662.41,661.9,0.0132,0.0009
13.11.2023 08:14:08.219 GMT-0800,662.41,661.63,0.0132,0.0132
13.11.2023 08:14:09.129 GMT-0800,662.41,661.65,0.0132,0.0009
13.11.2023 08:14:29.063 GMT-0800,662.41,661.66,0.0132,0.0009
13.11.2023 08:14:44.273 GMT-0800,662.41,661.67,0.0132,0.0009
13.11.2023 08:14:59.364 GMT-0800,662.41,661.6800000000001,0.0132,0.0009
13.11.2023 08:15:02.468 GMT-0800,662.41,661.32,0.0132,0.0132
13.11.2023 08:15:02.555 GMT-0800,662.41,661.63,0.0132,0.0009
13.11.2023 08:15:03.133 GMT-0800,662.41,661.66,0.0132,0.0009
13.11.2023 08:15:03.659 GMT-0800,662.41,661.69,0.0132,0.0009
13.11.2023 08:15:08.359 GMT-0800,662.41,661.8100000000001,0.0132,0.0009
13.11.2023 08:15:40.825 GMT-0800,662.3100000000001,661.8100000000001,0.0009,0.0132
13.11.2023 08:15:40.876 GMT-0800,662.41,661.82,0.0132,0.0009
13.11.2023 08:15:50.250 GMT-0800,662.4,661.72,0.0009,0.013
13.11.2023 08:15:50.301 GMT-0800,662.4,661.72,0.0132,0.0132
13.11.2023 08:15:50.419 GMT-0800,662.1,660.84,0.0009,0.013
13.11.2023 08:15:50.475 GMT-0800,662.34,661.32,0.0009,0.013
13.11.2023 08:15:50.576 GMT-0800,662.01,661.61,0.0132,0.0132
13.11.2023 08:15:51.045 GMT-0800,662.01,661.47,0.0132,0.0132
13.11.2023 08:16:11.664 GMT-0800,662.01,661.48,0.009,0.0009
13.11.2023 08:16:11.715 GMT-0800,662.41,661.48,0.0132,0.0132
13.11.2023 08:16:17.065 GMT-0800,662.21,660.84,0.0009,0.013
13.11.2023 08:16:17.115 GMT-0800,662.21,660.84,0.0132,0.0132
13.11.2023 08:16:17.256 GMT-0800,661.98,660.84,0.0009,0.0132
13.11.2023 08:16:46.673 GMT-0800,661.97,660.84,0.0009,0.0132
13.11.2023 08:17:19.378 GMT-0800,661.97,660.96,0.0132,0.0009
13.11.2023 08:17:44.321 GMT-0800,661.97,660.97,0.0132,0.0009
13.11.2023 08:17:45.778 GMT-0800,662.15,660.97,0.0132,0.0132
13.11.2023 08:17:45.955 GMT-0800,661.96,660.97,0.0009,0.0132
13.11.2023 08:17:59.450 GMT-0800,661.96,660.96,0.0132,0.0132
13.11.2023 08:18:01.938 GMT-0800,662.28,660.96,0.0132,0.0132
13.11.2023 08:18:02.186 GMT-0800,662,660.96,0.0009,0.0132
13.11.2023 08:18:03.075 GMT-0800,662.28,660.96,0.0132,0.0132
13.11.2023 08:18:03.312 GMT-0800,661.99,660.96,0.0009,0.0132
13.11.2023 08:18:10.579 GMT-0800,662.28,660.96,0.0132,0.0132
13.11.2023 08:18:19.588 GMT-0800,662.28,660.97,0.0132,0.0009
13.11.2023 08:18:30.743 GMT-0800,662.28,661.08,0.0132,0.0009
13.11.2023 08:18:51.564 GMT-0800,662,661.08,0.0009,0.0132
13.11.2023 08:19:15.045 GMT-0800,661.99,661.08,0.0009,0.0132
13.11.2023 08:19:15.200 GMT-0800,661.99,661.09,0.0132,0.0009
13.11.2023 08:19:30.244 GMT-0800,661.99,661.08,0.0132,0.0132
13.11.2023 08:19:37.549 GMT-0800,661.98,661.08,0.0009,0.0132
13.11.2023 08:19:50.271 GMT-0800,661.98,661.0500000000001,0.0132,0.0132
13.11.2023 08:20:22.589 GMT-0800,661.53,661.0500000000001,0.0009,0.0132
13.11.2023 08:20:22.640 GMT-0800,661.98,661.0500000000001,0.0132,0.0132
13.11.2023 08:20:23.740 GMT-0800,661.98,660.86,0.0132,0.0132
13.11.2023 08:20:47.773 GMT-0800,661.49,660.86,0.0009,0.0132
13.11.2023 08:20:47.824 GMT-0800,661.98,660.86,0.0132,0.0132
13.11.2023 08:21:04.277 GMT-0800,661.97,660.86,0.0009,0.0132
13.11.2023 08:21:04.444 GMT-0800,661.23,660.86,0.0009,0.0132
13.11.2023 08:21:04.581 GMT-0800,661.22,660.2,0.0132,0.0132
13.11.2023 08:21:05.337 GMT-0800,661.21,660.2,0.0009,0.0132
13.11.2023 08:21:07.246 GMT-0800,660.9300000000001,659.94,0.0009,0.013
13.11.2023 08:21:07.297 GMT-0800,661.2,659.53,0.0132,0.013
13.11.2023 08:21:07.348 GMT-0800,661.2,659.53,0.0132,0.0132
13.11.2023 08:21:09.586 GMT-0800,661.2,659.94,0.0132,0.0009
13.11.2023 08:21:09.637 GMT-0800,661.2,659.53,0.0132,0.0132
13.11.2023 08:21:14.192 GMT-0800,661.2,660,0.0132,0.0009
13.11.2023 08:21:21.030 GMT-0800,661.2,659.99,0.0132,0.0132
13.11.2023 08:21:21.753 GMT-0800,661.2,660.26,0.0132,0.0009
13.11.2023 08:21:38.324 GMT-0800,661.2,659.99,0.0132,0.0132
13.11.2023 08:21:49.793 GMT-0800,661.2,660.26,0.0132,0.0009
13.11.2023 08:22:05.124 GMT-0800,661.2,660.32,0.0132,0.0009
13.11.2023 08:22:15.041 GMT-0800,661.2,660.8000000000001,0.009,0.0009
13.11.2023 08:22:15.097 GMT-0800,661.47,660.8000000000001,0.0132,0.0132
13.11.2023 08:22:40.009 GMT-0800,661.47,661.09,0.009,0.0009
13.11.2023 08:22:40.060 GMT-0800,662.41,660.8100000000001,0.0132,0.0132
13.11.2023 08:22:41.069 GMT-0800,662.41,660.8000000000001,0.0132,0.0132
13.11.2023 08:22:51.870 GMT-0800,662.38,660.8000000000001,0.0009,0.0132
13.11.2023 08:22:51.921 GMT-0800,662.41,660.8000000000001,0.0132,0.0132
13.11.2023 08:22:55.105 GMT-0800,662.41,660.91,0.0132,0.0009
13.11.2023 08:22:56.342 GMT-0800,662.41,660.94,0.0132,0.0009
13.11.2023 08:23:05.672 GMT-0800,662.41,661.25,0.0132,0.0009
13.11.2023 08:23:05.723 GMT-0800,662.41,660.94,0.0132,0.0132
13.11.2023 08:23:09.091 GMT-0800,662.41,660.97,0.0132,0.0009
13.11.2023 08:23:09.433 GMT-0800,662.4300000000001,660.97,0.0132,0.0132
13.11.2023 08:23:14.411 GMT-0800,661.98,660.97,0.0009,0.0132
13.11.2023 08:23:25.010 GMT-0800,662.4300000000001,660.97,0.0132,0.0132
13.11.2023 08:23:25.601 GMT-0800,661.96,660.97,0.0009,0.0132
13.11.2023 08:23:39.012 GMT-0800,661.96,660.91,0.0132,0.0132
13.11.2023 08:23:39.785 GMT-0800,661.96,660.92,0.0132,0.0009
13.11.2023 08:23:40.167 GMT-0800,662.4300000000001,660.92,0.0132,0.0132
13.11.2023 08:23:40.800 GMT-0800,662.4300000000001,660.91,0.0132,0.0132
13.11.2023 08:23:41.810 GMT-0800,661.98,660.91,0.0009,0.0132
13.11.2023 08:23:43.747 GMT-0800,661.98,660.92,0.0132,0.013
13.11.2023 08:23:43.797 GMT-0800,661.98,660.92,0.0132,0.0132
13.11.2023 08:23:44.926 GMT-0800,661.98,660.91,0.0132,0.0132
13.11.2023 08:23:46.022 GMT-0800,661.98,660.95,0.0132,0.0009
13.11.2023 08:23:47.006 GMT-0800,661.98,660.96,0.0132,0.0009
13.11.2023 08:23:49.143 GMT-0800,661.98,660.95,0.0132,0.0132
13.11.2023 08:23:49.274 GMT-0800,661.98,660.96,0.0132,0.0009
13.11.2023 08:23:52.190 GMT-0800,661.98,660.95,0.0132,0.0132
13.11.2023 08:23:53.959 GMT-0800,662.4300000000001,660.95,0.0132,0.0132
13.11.2023 08:23:54.189 GMT-0800,661.97,660.95,0.0009,0.0132
13.11.2023 08:23:56.917 GMT-0800,661.97,660.96,0.0132,0.0009
13.11.2023 08:23:58.445 GMT-0800,661.97,660.95,0.0132,0.0132
13.11.2023 08:23:58.776 GMT-0800,661.97,660.96,0.0132,0.0009
13.11.2023 08:23:58.877 GMT-0800,661.97,660.95,0.0132,0.0132
13.11.2023 08:24:04.723 GMT-0800,661.97,661.01,0.0132,0.0009
13.11.2023 08:24:05.184 GMT-0800,662.4300000000001,661.01,0.0132,0.0132
13.11.2023 08:24:05.444 GMT-0800,661.98,661.01,0.0009,0.0132
13.11.2023 08:24:16.517 GMT-0800,661.98,660.96,0.0132,0.0132
13.11.2023 08:24:18.705 GMT-0800,661.98,661.02,0.0132,0.0132
13.11.2023 08:24:18.997 GMT-0800,661.98,660.95,0.0132,0.0132
13.11.2023 08:24:19.446 GMT-0800,661.98,661.02,0.0132,0.0009
13.11.2023 08:24:22.055 GMT-0800,661.98,661.5600000000001,0.009,0.0009
13.11.2023 08:24:22.105 GMT-0800,662.4300000000001,661.57,0.0132,0.0132
13.11.2023 08:24:22.159 GMT-0800,662.4300000000001,661.44,0.0132,0.0132
13.11.2023 08:24:22.700 GMT-0800,662.4300000000001,661.78,0.0132,0.0009
13.11.2023 08:24:42.701 GMT-0800,662.4300000000001,661.29,0.0132,0.0132
13.11.2023 08:24:59.318 GMT-0800,662.4300000000001,661.46,0.0132,0.0009
13.11.2023 08:25:10.926 GMT-0800,662.0600000000001,661.46,0.0009,0.0132
13.11.2023 08:25:11.027 GMT-0800,662.4300000000001,661.46,0.0132,0.0132
13.11.2023 08:25:33.717 GMT-0800,662.4300000000001,661.57,0.0132,0.0009
13.11.2023 08:25:45.914 GMT-0800,662.42,661.57,0.0009,0.0132
13.11.2023 08:26:18.382 GMT-0800,662.4300000000001,661.57,0.0132,0.0132
13.11.2023 08:26:18.943 GMT-0800,662.42,661.57,0.0009,0.0132
13.11.2023 08:26:19.705 GMT-0800,662.42,661.46,0.0132,0.0132
13.11.2023 08:26:35.479 GMT-0800,662.42,661.47,0.0132,0.0009
13.11.2023 08:26:47.985 GMT-0800,662.4300000000001,661.47,0.0132,0.0132
13.11.2023 08:26:52.499 GMT-0800,662.4300000000001,661.46,0.0132,0.0132
13.11.2023 08:28:27.404 GMT-0800,662.4300000000001,661.95,0.0132,0.0009
13.11.2023 08:28:27.455 GMT-0800,662.4300000000001,661.46,0.0132,0.0132
13.11.2023 08:28:58.572 GMT-0800,662.4300000000001,661.98,0.0132,0.0009
13.11.2023 08:28:58.623 GMT-0800,662.4300000000001,661.47,0.0132,0.0132
13.11.2023 08:29:01.623 GMT-0800,662.4300000000001,661.46,0.0132,0.0132
13.11.2023 08:29:02.295 GMT-0800,662.4300000000001,661.59,0.009,0.0009
13.11.2023 08:29:02.346 GMT-0800,662.64,661.46,0.0132,0.0132
13.11.2023 08:29:09.035 GMT-0800,662.54,661.46,0.0009,0.0132
13.11.2023 08:30:00.180 GMT-0800,662.54,661.86,0.0132,0.0009
13.11.2023 08:30:11.925 GMT-0800,662.54,661.46,0.0132,0.0132
13.11.2023 08:30:29.703 GMT-0800,662.54,661.65,0.0132,0.0009
13.11.2023 08:30:41.057 GMT-0800,662.54,661.66,0.0132,0.0009
13.11.2023 08:31:03.323 GMT-0800,662.54,662.0600000000001,0.0132,0.0009
13.11.2023 08:31:03.374 GMT-0800,662.54,661.66,0.0132,0.0132
13.11.2023 08:31:06.715 GMT-0800,662.54,661.51,0.0132,0.0132
13.11.2023 08:31:11.552 GMT-0800,662.64,661.51,0.0132,0.0132
13.11.2023 08:31:11.790 GMT-0800,662.53,661.51,0.0009,0.0132
13.11.2023 08:31:26.704 GMT-0800,662.64,661.51,0.0132,0.0132
13.11.2023 08:31:27.681 GMT-0800,662.54,661.51,0.0009,0.0132
13.11.2023 08:31:28.459 GMT-0800,662.64,661.51,0.0132,0.0132
13.11.2023 08:31:29.095 GMT-0800,662.62,661.51,0.0009,0.0132
13.11.2023 08:31:29.750 GMT-0800,662.62,661.87,0.009,0.0009
13.11.2023 08:31:29.977 GMT-0800,663.71,661.87,0.0132,0.0132
13.11.2023 08:31:30.806 GMT-0800,663.71,661.8100000000001,0.0132,0.0132
13.11.2023 08:31:31.015 GMT-0800,663.3100000000001,661.85,0.0009,0.0009
13.11.2023 08:31:31.500 GMT-0800,663.23,661.85,0.0009,0.013
13.11.2023 08:31:31.550 GMT-0800,663.23,661.85,0.0132,0.0132
13.11.2023 08:31:34.592 GMT-0800,663.71,661.85,0.0132,0.0132
13.11.2023 08:31:34.978 GMT-0800,662.85,661.85,0.0009,0.0132
13.11.2023 08:31:36.073 GMT-0800,662.85,662.09,0.0132,0.0009
13.11.2023 08:31:40.536 GMT-0800,662.64,662.09,0.0009,0.0132
13.11.2023 08:34:01.625 GMT-0800,662.64,662.37,0.009,0.0009
13.11.2023 08:34:01.676 GMT-0800,662.85,662.09,0.009,0.013
13.11.2023 08:34:01.968 GMT-0800,663.39,662.09,0.0009,0.0132
13.11.2023 08:34:02.070 GMT-0800,663.38,662.09,0.0132,0.0132
13.11.2023 08:34:02.348 GMT-0800,663.62,662.09,0.0132,0.0132
13.11.2023 08:35:09.268 GMT-0800,663.62,662.2,0.0132,0.0009
13.11.2023 08:35:11.477 GMT-0800,663.1800000000001,662.2,0.0009,0.0132
13.11.2023 08:35:18.804 GMT-0800,662.67,662.2,0.0009,0.0132
13.11.2023 08:35:42.062 GMT-0800,662.86,662.2,0.0132,0.0132
13.11.2023 08:35:42.293 GMT-0800,662.71,662.2,0.0009,0.0132
13.11.2023 08:35:47.874 GMT-0800,662.71,662.09,0.0132,0.0132
13.11.2023 08:35:54.712 GMT-0800,662.46,661.9300000000001,0.0009,0.013
13.11.2023 08:35:54.763 GMT-0800,662.46,661.9300000000001,0.0132,0.0132
13.11.2023 08:35:55.789 GMT-0800,662.47,661.9300000000001,0.0132,0.0132
13.11.2023 08:35:57.307 GMT-0800,662.9,661.9300000000001,0.0132,0.0132
13.11.2023 08:35:57.863 GMT-0800,662.61,661.9300000000001,0.0009,0.0132
