Local time,Ask,Bid,AskVolume,BidVolume
13.11.2023 06:30:02.293 GMT-0800,27.553,27.537,0.12,0.12
13.11.2023 06:30:02.344 GMT-0800,27.554000000000002,27.526,0.12,0.12
13.11.2023 06:30:02.464 GMT-0800,27.544,27.526,0.12,0.12
13.11.2023 06:30:02.526 GMT-0800,27.554000000000002,27.526,0.12,0.12
13.11.2023 06:30:02.576 GMT-0800,27.543000000000003,27.526999999999997,0.12,0.12
13.11.2023 06:30:02.861 GMT-0800,27.554000000000002,27.526,0.12,0.12
13.11.2023 06:30:03.164 GMT-0800,27.543000000000003,27.526999999999997,0.12,0.12
13.11.2023 06:30:03.300 GMT-0800,27.554000000000002,27.536,0.12,0.12
13.11.2023 06:30:03.351 GMT-0800,27.553,27.526999999999997,0.12,0.12
13.11.2023 06:30:03.455 GMT-0800,27.533,27.517,0.12,0.12
13.11.2023 06:30:03.556 GMT-0800,27.544,27.516,0.12,0.12
13.11.2023 06:30:03.808 GMT-0800,27.534000000000002,27.516,0.12,0.12
13.11.2023 06:30:03.859 GMT-0800,27.544,27.516,0.12,0.12
13.11.2023 06:30:03.909 GMT-0800,27.534000000000002,27.516,0.12,0.12
13.11.2023 06:30:04.032 GMT-0800,27.543000000000003,27.526999999999997,0.12,0.12
13.11.2023 06:30:04.086 GMT-0800,27.554000000000002,27.526,0.12,0.12
13.11.2023 06:30:04.237 GMT-0800,27.544,27.526,0.12,0.12
13.11.2023 06:30:04.463 GMT-0800,27.554000000000002,27.526,0.12,0.12
13.11.2023 06:30:04.718 GMT-0800,27.563000000000002,27.537,0.12,0.12
13.11.2023 06:30:04.851 GMT-0800,27.554000000000002,27.536,0.12,0.12
13.11.2023 06:30:04.902 GMT-0800,27.563000000000002,27.537,0.12,0.12
13.11.2023 06:30:04.961 GMT-0800,27.553,27.537,0.12,0.12
13.11.2023 06:30:05.899 GMT-0800,27.563000000000002,27.537,0.12,0.12
13.11.2023 06:30:05.950 GMT-0800,27.553,27.537,0.12,0.12
13.11.2023 06:30:06.997 GMT-0800,27.573000000000004,27.546999999999997,0.12,0.12
13.11.2023 06:30:07.148 GMT-0800,27.563000000000002,27.546999999999997,0.12,0.12
13.11.2023 06:30:07.296 GMT-0800,27.574,27.546,0.12,0.12
13.11.2023 06:30:07.353 GMT-0800,27.564,27.546,0.12,0.12
13.11.2023 06:30:07.404 GMT-0800,27.574,27.546,0.12,0.12
13.11.2023 06:30:07.607 GMT-0800,27.563000000000002,27.546999999999997,0.12,0.12
13.11.2023 06:30:07.658 GMT-0800,27.574,27.546,0.12,0.12
13.11.2023 06:30:07.708 GMT-0800,27.564,27.546,0.12,0.12
13.11.2023 06:30:07.759 GMT-0800,27.573000000000004,27.546999999999997,0.12,0.12
13.11.2023 06:30:07.809 GMT-0800,27.564,27.546,0.12,0.12
13.11.2023 06:30:07.909 GMT-0800,27.573000000000004,27.546999999999997,0.12,0.12
13.11.2023 06:30:07.965 GMT-0800,27.563000000000002,27.546999999999997,0.12,0.12
13.11.2023 06:30:08.029 GMT-0800,27.574,27.546,0.12,0.12
13.11.2023 06:30:08.096 GMT-0800,27.564,27.546,0.12,0.12
13.11.2023 06:30:08.146 GMT-0800,27.573000000000004,27.546999999999997,0.12,0.12
13.11.2023 06:30:08.197 GMT-0800,27.564,27.546,0.12,0.12
13.11.2023 06:30:08.247 GMT-0800,27.573000000000004,27.546999999999997,0.12,0.12
13.11.2023 06:30:08.298 GMT-0800,27.563000000000002,27.546999999999997,0.12,0.12
13.11.2023 06:30:08.348 GMT-0800,27.573000000000004,27.546999999999997,0.12,0.12
13.11.2023 06:30:08.399 GMT-0800,27.563000000000002,27.546999999999997,0.12,0.12
13.11.2023 06:30:08.450 GMT-0800,27.573000000000004,27.546999999999997,0.12,0.12
13.11.2023 06:30:08.680 GMT-0800,27.563000000000002,27.546999999999997,0.12,0.12
13.11.2023 06:30:09.461 GMT-0800,27.573000000000004,27.546999999999997,0.12,0.12
13.11.2023 06:30:09.698 GMT-0800,27.564,27.546,0.12,0.12
13.11.2023 06:30:10.328 GMT-0800,27.574,27.546,0.12,0.12
13.11.2023 06:30:10.382 GMT-0800,27.564,27.546,0.12,0.12
13.11.2023 06:30:10.886 GMT-0800,27.583000000000002,27.557,0.12,0.12
13.11.2023 06:30:11.107 GMT-0800,27.574,27.556,0.12,0.12
13.11.2023 06:30:17.571 GMT-0800,27.583000000000002,27.557,0.12,0.12
13.11.2023 06:30:17.672 GMT-0800,27.574,27.556,0.12,0.12
13.11.2023 06:30:18.948 GMT-0800,27.583000000000002,27.557,0.12,0.12
13.11.2023 06:30:19.004 GMT-0800,27.573000000000004,27.557,0.12,0.12
13.11.2023 06:30:19.992 GMT-0800,27.583000000000002,27.557,0.12,0.12
13.11.2023 06:30:20.043 GMT-0800,27.573000000000004,27.557,0.12,0.12
13.11.2023 06:30:20.094 GMT-0800,27.584000000000003,27.556,0.12,0.12
13.11.2023 06:30:20.144 GMT-0800,27.573000000000004,27.557,0.12,0.12
13.11.2023 06:30:20.195 GMT-0800,27.584000000000003,27.556,0.12,0.12
13.11.2023 06:30:20.246 GMT-0800,27.573000000000004,27.557,0.12,0.12
13.11.2023 06:30:20.376 GMT-0800,27.584000000000003,27.556,0.12,0.12
13.11.2023 06:30:20.527 GMT-0800,27.573000000000004,27.557,0.12,0.12
13.11.2023 06:30:20.651 GMT-0800,27.583000000000002,27.557,0.12,0.12
13.11.2023 06:30:20.703 GMT-0800,27.574,27.556,0.12,0.12
13.11.2023 06:30:21.002 GMT-0800,27.583000000000002,27.557,0.12,0.12
13.11.2023 06:30:21.103 GMT-0800,27.574,27.556,0.12,0.12
13.11.2023 06:30:21.283 GMT-0800,27.583000000000002,27.557,0.12,0.12
13.11.2023 06:30:21.336 GMT-0800,27.574,27.556,0.12,0.12
13.11.2023 06:30:21.386 GMT-0800,27.583000000000002,27.557,0.12,0.12
13.11.2023 06:30:21.438 GMT-0800,27.574,27.556,0.12,0.12
13.11.2023 06:30:21.581 GMT-0800,27.584000000000003,27.556,0.12,0.12
13.11.2023 06:30:21.633 GMT-0800,27.573000000000004,27.557,0.12,0.12
13.11.2023 06:30:21.957 GMT-0800,27.593000000000004,27.567,0.12,0.12
13.11.2023 06:30:22.419 GMT-0800,27.584000000000003,27.566,0.12,0.12
13.11.2023 06:30:25.165 GMT-0800,27.593000000000004,27.567,0.12,0.12
13.11.2023 06:30:25.512 GMT-0800,27.593000000000004,27.576999999999998,0.12,0.12
13.11.2023 06:30:31.063 GMT-0800,27.584000000000003,27.566,0.12,0.12
13.11.2023 06:30:31.113 GMT-0800,27.584000000000003,27.556,0.12,0.12
13.11.2023 06:30:31.665 GMT-0800,27.573000000000004,27.557,0.12,0.12
13.11.2023 06:30:31.809 GMT-0800,27.584000000000003,27.566,0.12,0.12
13.11.2023 06:30:32.385 GMT-0800,27.593000000000004,27.567,0.12,0.12
13.11.2023 06:30:32.569 GMT-0800,27.594,27.576,0.12,0.12
13.11.2023 06:30:36.323 GMT-0800,27.593000000000004,27.567,0.12,0.12
13.11.2023 06:30:36.651 GMT-0800,27.593000000000004,27.576999999999998,0.12,0.12
13.11.2023 06:30:37.679 GMT-0800,27.583000000000002,27.567,0.12,0.12
13.11.2023 06:30:39.711 GMT-0800,27.593000000000004,27.567,0.12,0.12
13.11.2023 06:30:40.595 GMT-0800,27.583000000000002,27.567,0.12,0.12
13.11.2023 06:30:42.127 GMT-0800,27.583000000000002,27.557,0.12,0.12
13.11.2023 06:30:42.514 GMT-0800,27.584000000000003,27.566,0.12,0.12
13.11.2023 06:30:46.788 GMT-0800,27.593000000000004,27.567,0.12,0.12
13.11.2023 06:30:47.309 GMT-0800,27.583000000000002,27.567,0.12,0.12
13.11.2023 06:30:47.394 GMT-0800,27.594,27.566,0.12,0.12
13.11.2023 06:30:47.444 GMT-0800,27.604000000000003,27.586,0.12,0.12
13.11.2023 06:30:47.676 GMT-0800,27.594,27.576,0.12,0.12
13.11.2023 06:30:49.467 GMT-0800,27.584000000000003,27.566,0.12,0.12
13.11.2023 06:30:53.811 GMT-0800,27.573000000000004,27.557,0.12,0.12
13.11.2023 06:30:54.514 GMT-0800,27.584000000000003,27.566,0.12,0.12
13.11.2023 06:30:54.616 GMT-0800,27.573000000000004,27.557,0.12,0.12
13.11.2023 06:30:55.279 GMT-0800,27.583000000000002,27.557,0.12,0.12
13.11.2023 06:30:55.355 GMT-0800,27.574,27.556,0.12,0.12
13.11.2023 06:30:56.357 GMT-0800,27.583000000000002,27.557,0.12,0.12
13.11.2023 06:30:57.927 GMT-0800,27.583000000000002,27.567,0.12,0.12
13.11.2023 06:30:59.239 GMT-0800,27.574,27.556,0.12,0.12
13.11.2023 06:30:59.627 GMT-0800,27.574,27.546,0.12,0.12
13.11.2023 06:30:59.690 GMT-0800,27.564,27.546,0.12,0.12
13.11.2023 06:31:00.338 GMT-0800,27.554000000000002,27.536,0.12,0.12
13.11.2023 06:31:00.507 GMT-0800,27.563000000000002,27.537,0.12,0.12
13.11.2023 06:31:00.576 GMT-0800,27.553,27.537,0.12,0.12
13.11.2023 06:31:07.694 GMT-0800,27.554000000000002,27.526,0.12,0.12
13.11.2023 06:31:07.744 GMT-0800,27.553,27.537,0.12,0.12
13.11.2023 06:31:07.863 GMT-0800,27.544,27.526,0.12,0.12
13.11.2023 06:31:07.964 GMT-0800,27.554000000000002,27.536,0.12,0.12
13.11.2023 06:31:08.166 GMT-0800,27.543000000000003,27.526999999999997,0.12,0.12
13.11.2023 06:31:08.289 GMT-0800,27.553,27.537,0.12,0.12
13.11.2023 06:31:09.874 GMT-0800,27.563000000000002,27.537,0.12,0.12
13.11.2023 06:31:09.982 GMT-0800,27.553,27.537,0.12,0.12
13.11.2023 06:31:10.152 GMT-0800,27.563000000000002,27.537,0.12,0.12
13.11.2023 06:31:10.478 GMT-0800,27.554000000000002,27.536,0.12,0.12
13.11.2023 06:31:10.985 GMT-0800,27.564,27.536,0.12,0.12
13.11.2023 06:31:11.035 GMT-0800,27.564,27.546,0.12,0.12
13.11.2023 06:31:11.196 GMT-0800,27.564,27.536,0.12,0.12
13.11.2023 06:31:11.470 GMT-0800,27.564,27.546,0.12,0.12
13.11.2023 06:31:11.521 GMT-0800,27.563000000000002,27.537,0.12,0.12
13.11.2023 06:31:11.654 GMT-0800,27.554000000000002,27.536,0.12,0.12
13.11.2023 06:31:11.720 GMT-0800,27.564,27.536,0.12,0.12
13.11.2023 06:31:11.770 GMT-0800,27.554000000000002,27.536,0.12,0.12
13.11.2023 06:31:12.088 GMT-0800,27.563000000000002,27.537,0.12,0.12
13.11.2023 06:31:12.361 GMT-0800,27.553,27.537,0.12,0.12
13.11.2023 06:31:12.418 GMT-0800,27.564,27.536,0.12,0.12
13.11.2023 06:31:13.726 GMT-0800,27.554000000000002,27.536,0.12,0.12
13.11.2023 06:31:13.777 GMT-0800,27.563000000000002,27.537,0.12,0.12
13.11.2023 06:31:13.889 GMT-0800,27.554000000000002,27.536,0.12,0.12
13.11.2023 06:31:13.939 GMT-0800,27.563000000000002,27.537,0.12,0.12
13.11.2023 06:31:14.036 GMT-0800,27.554000000000002,27.536,0.12,0.12
13.11.2023 06:31:14.117 GMT-0800,27.564,27.536,0.12,0.12
13.11.2023 06:31:14.168 GMT-0800,27.554000000000002,27.536,0.12,0.12
13.11.2023 06:31:14.218 GMT-0800,27.564,27.536,0.12,0.12
13.11.2023 06:31:14.392 GMT-0800,27.554000000000002,27.536,0.12,0.12
13.11.2023 06:31:14.577 GMT-0800,27.564,27.536,0.12,0.12
13.11.2023 06:31:14.703 GMT-0800,27.554000000000002,27.536,0.12,0.12
13.11.2023 06:31:15.147 GMT-0800,27.564,27.546,0.12,0.12
13.11.2023 06:31:15.231 GMT-0800,27.563000000000002,27.537,0.12,0.12
13.11.2023 06:31:15.333 GMT-0800,27.563000000000002,27.546999999999997,0.12,0.12
13.11.2023 06:31:15.567 GMT-0800,27.574,27.556,0.12,0.12
13.11.2023 06:31:15.838 GMT-0800,27.583000000000002,27.557,0.12,0.12
13.11.2023 06:31:17.551 GMT-0800,27.584000000000003,27.566,0.12,0.12
13.11.2023 06:31:17.936 GMT-0800,27.594,27.566,0.12,0.12
13.11.2023 06:31:18.791 GMT-0800,27.584000000000003,27.566,0.12,0.12
13.11.2023 06:31:19.088 GMT-0800,27.593000000000004,27.567,0.12,0.12
13.11.2023 06:31:20.397 GMT-0800,27.584000000000003,27.566,0.12,0.12
13.11.2023 06:31:20.448 GMT-0800,27.593000000000004,27.567,0.12,0.12
13.11.2023 06:31:20.962 GMT-0800,27.584000000000003,27.566,0.12,0.12
13.11.2023 06:31:21.762 GMT-0800,27.574,27.556,0.12,0.12
13.11.2023 06:31:21.863 GMT-0800,27.564,27.546,0.12,0.12
13.11.2023 06:31:21.938 GMT-0800,27.573000000000004,27.546999999999997,0.12,0.12
13.11.2023 06:31:22.383 GMT-0800,27.573000000000004,27.557,0.12,0.12
13.11.2023 06:31:24.807 GMT-0800,27.584000000000003,27.566,0.12,0.12
13.11.2023 06:31:26.471 GMT-0800,27.584000000000003,27.556,0.12,0.12
13.11.2023 06:31:26.521 GMT-0800,27.584000000000003,27.566,0.12,0.12
13.11.2023 06:31:29.446 GMT-0800,27.583000000000002,27.557,0.12,0.12
13.11.2023 06:31:29.496 GMT-0800,27.574,27.546,0.12,0.12
13.11.2023 06:31:29.615 GMT-0800,27.563000000000002,27.546999999999997,0.12,0.12
13.11.2023 06:31:29.740 GMT-0800,27.573000000000004,27.546999999999997,0.12,0.12
13.11.2023 06:31:29.841 GMT-0800,27.563000000000002,27.546999999999997,0.12,0.12
13.11.2023 06:31:30.644 GMT-0800,27.564,27.536,0.12,0.12
13.11.2023 06:31:30.885 GMT-0800,27.554000000000002,27.536,0.12,0.12
13.11.2023 06:31:31.021 GMT-0800,27.554000000000002,27.526,0.12,0.12
13.11.2023 06:31:31.071 GMT-0800,27.553,27.537,0.12,0.12
13.11.2023 06:31:31.122 GMT-0800,27.553,27.526999999999997,0.12,0.12
13.11.2023 06:31:31.250 GMT-0800,27.553,27.537,0.12,0.12
13.11.2023 06:31:31.572 GMT-0800,27.553,27.526999999999997,0.12,0.12
13.11.2023 06:31:31.753 GMT-0800,27.544,27.526,0.12,0.12
13.11.2023 06:31:31.855 GMT-0800,27.554000000000002,27.536,0.12,0.12
13.11.2023 06:31:31.956 GMT-0800,27.544,27.526,0.12,0.12
13.11.2023 06:31:33.251 GMT-0800,27.534000000000002,27.516,0.12,0.12
13.11.2023 06:31:33.455 GMT-0800,27.544,27.516,0.12,0.12
13.11.2023 06:31:33.506 GMT-0800,27.534000000000002,27.516,0.12,0.12
13.11.2023 06:31:33.607 GMT-0800,27.543000000000003,27.517,0.12,0.12
13.11.2023 06:31:33.657 GMT-0800,27.534000000000002,27.516,0.12,0.12
13.11.2023 06:31:33.708 GMT-0800,27.544,27.516,0.12,0.12
13.11.2023 06:31:33.827 GMT-0800,27.533,27.517,0.12,0.12
13.11.2023 06:31:34.142 GMT-0800,27.544,27.516,0.12,0.12
13.11.2023 06:31:34.619 GMT-0800,27.534000000000002,27.516,0.12,0.12
13.11.2023 06:31:34.853 GMT-0800,27.533,27.506999999999998,0.12,0.12
13.11.2023 06:31:35.031 GMT-0800,27.533,27.517,0.12,0.12
13.11.2023 06:31:35.082 GMT-0800,27.533,27.506999999999998,0.12,0.12
13.11.2023 06:31:35.212 GMT-0800,27.533,27.517,0.12,0.12
13.11.2023 06:31:35.262 GMT-0800,27.533,27.506999999999998,0.12,0.12
13.11.2023 06:31:35.361 GMT-0800,27.533,27.517,0.12,0.12
13.11.2023 06:31:35.412 GMT-0800,27.533,27.506999999999998,0.12,0.12
13.11.2023 06:31:35.462 GMT-0800,27.533,27.517,0.12,0.12
13.11.2023 06:31:36.233 GMT-0800,27.543000000000003,27.517,0.12,0.12
13.11.2023 06:31:36.284 GMT-0800,27.534000000000002,27.516,0.12,0.12
13.11.2023 06:31:36.352 GMT-0800,27.544,27.516,0.12,0.12
13.11.2023 06:31:36.453 GMT-0800,27.533,27.517,0.12,0.12
13.11.2023 06:31:37.301 GMT-0800,27.554000000000002,27.536,0.12,0.12
13.11.2023 06:31:37.512 GMT-0800,27.563000000000002,27.537,0.12,0.12
13.11.2023 06:31:37.563 GMT-0800,27.563000000000002,27.546999999999997,0.12,0.12
13.11.2023 06:31:37.613 GMT-0800,27.563000000000002,27.537,0.12,0.12
13.11.2023 06:31:38.228 GMT-0800,27.554000000000002,27.536,0.12,0.12
13.11.2023 06:31:38.278 GMT-0800,27.564,27.536,0.12,0.12
13.11.2023 06:31:38.371 GMT-0800,27.563000000000002,27.546999999999997,0.12,0.12
13.11.2023 06:31:38.747 GMT-0800,27.564,27.536,0.12,0.12
13.11.2023 06:31:38.798 GMT-0800,27.563000000000002,27.546999999999997,0.12,0.12
13.11.2023 06:31:40.311 GMT-0800,27.573000000000004,27.546999999999997,0.12,0.12
13.11.2023 06:31:40.361 GMT-0800,27.573000000000004,27.557,0.12,0.12
13.11.2023 06:31:40.491 GMT-0800,27.564,27.546,0.12,0.12
13.11.2023 06:31:43.101 GMT-0800,27.564,27.536,0.12,0.12
13.11.2023 06:31:43.213 GMT-0800,27.563000000000002,27.546999999999997,0.12,0.12
13.11.2023 06:31:43.297 GMT-0800,27.563000000000002,27.537,0.12,0.12
13.11.2023 06:31:43.418 GMT-0800,27.563000000000002,27.546999999999997,0.12,0.12
13.11.2023 06:31:43.469 GMT-0800,27.564,27.536,0.12,0.12
13.11.2023 06:31:43.547 GMT-0800,27.564,27.546,0.12,0.12
13.11.2023 06:31:43.598 GMT-0800,27.564,27.536,0.12,0.12
13.11.2023 06:31:43.662 GMT-0800,27.563000000000002,27.546999999999997,0.12,0.12
13.11.2023 06:31:43.713 GMT-0800,27.564,27.536,0.12,0.12
13.11.2023 06:31:43.788 GMT-0800,27.563000000000002,27.546999999999997,0.12,0.12
13.11.2023 06:31:43.839 GMT-0800,27.563000000000002,27.537,0.12,0.12
13.11.2023 06:31:43.891 GMT-0800,27.563000000000002,27.546999999999997,0.12,0.12
13.11.2023 06:31:44.072 GMT-0800,27.563000000000002,27.537,0.12,0.12
13.11.2023 06:31:44.179 GMT-0800,27.563000000000002,27.546999999999997,0.12,0.12
13.11.2023 06:31:44.230 GMT-0800,27.564,27.536,0.12,0.12
13.11.2023 06:31:44.319 GMT-0800,27.564,27.546,0.12,0.12
13.11.2023 06:31:44.445 GMT-0800,27.564,27.536,0.12,0.12
13.11.2023 06:31:44.633 GMT-0800,27.563000000000002,27.546999999999997,0.12,0.12
13.11.2023 06:31:45.075 GMT-0800,27.573000000000004,27.546999999999997,0.12,0.12
13.11.2023 06:31:45.125 GMT-0800,27.564,27.546,0.12,0.12
13.11.2023 06:31:45.520 GMT-0800,27.573000000000004,27.557,0.12,0.12
13.11.2023 06:31:46.288 GMT-0800,27.583000000000002,27.567,0.12,0.12
13.11.2023 06:31:48.273 GMT-0800,27.574,27.556,0.12,0.12
13.11.2023 06:31:48.559 GMT-0800,27.583000000000002,27.557,0.12,0.12
13.11.2023 06:31:49.783 GMT-0800,27.573000000000004,27.557,0.12,0.12
13.11.2023 06:31:49.936 GMT-0800,27.583000000000002,27.557,0.12,0.12
13.11.2023 06:31:50.152 GMT-0800,27.574,27.556,0.12,0.12
13.11.2023 06:31:52.027 GMT-0800,27.574,27.546,0.12,0.12
13.11.2023 06:31:52.078 GMT-0800,27.564,27.546,0.12,0.12
13.11.2023 06:31:53.735 GMT-0800,27.573000000000004,27.557,0.12,0.12
13.11.2023 06:31:54.663 GMT-0800,27.573000000000004,27.546999999999997,0.12,0.12
13.11.2023 06:31:54.714 GMT-0800,27.573000000000004,27.557,0.12,0.12
13.11.2023 06:31:55.999 GMT-0800,27.584000000000003,27.556,0.12,0.12
13.11.2023 06:31:56.049 GMT-0800,27.583000000000002,27.567,0.12,0.12
13.11.2023 06:32:00.556 GMT-0800,27.564,27.546,0.12,0.12
13.11.2023 06:32:03.308 GMT-0800,27.563000000000002,27.537,0.12,0.12
13.11.2023 06:32:03.625 GMT-0800,27.564,27.546,0.12,0.12
13.11.2023 06:32:04.443 GMT-0800,27.553,27.537,0.12,0.12
13.11.2023 06:32:04.545 GMT-0800,27.554000000000002,27.526,0.12,0.12
13.11.2023 06:32:05.330 GMT-0800,27.544,27.526,0.12,0.12
13.11.2023 06:32:05.766 GMT-0800,27.544,27.516,0.12,0.12
13.11.2023 06:32:05.816 GMT-0800,27.543000000000003,27.526999999999997,0.12,0.12
13.11.2023 06:32:07.527 GMT-0800,27.533,27.517,0.12,0.12
13.11.2023 06:32:10.850 GMT-0800,27.544,27.516,0.12,0.12
13.11.2023 06:32:10.901 GMT-0800,27.544,27.526,0.12,0.12
13.11.2023 06:32:11.682 GMT-0800,27.534000000000002,27.516,0.12,0.12
13.11.2023 06:32:12.579 GMT-0800,27.544,27.516,0.12,0.12
13.11.2023 06:32:12.630 GMT-0800,27.533,27.517,0.12,0.12
13.11.2023 06:32:15.359 GMT-0800,27.533,27.506999999999998,0.12,0.12
13.11.2023 06:32:16.284 GMT-0800,27.524,27.506,0.12,0.12
13.11.2023 06:32:16.334 GMT-0800,27.533,27.506999999999998,0.12,0.12
13.11.2023 06:32:16.654 GMT-0800,27.524,27.506,0.12,0.12
13.11.2023 06:32:17.370 GMT-0800,27.514000000000003,27.496,0.12,0.12
13.11.2023 06:32:20.442 GMT-0800,27.523000000000003,27.497,0.12,0.12
13.11.2023 06:32:20.593 GMT-0800,27.514000000000003,27.496,0.12,0.12
13.11.2023 06:32:20.706 GMT-0800,27.524,27.496,0.12,0.12
13.11.2023 06:32:20.756 GMT-0800,27.523000000000003,27.506999999999998,0.12,0.12
13.11.2023 06:32:26.957 GMT-0800,27.533,27.517,0.12,0.12
13.11.2023 06:32:27.240 GMT-0800,27.534000000000002,27.506,0.12,0.12
13.11.2023 06:32:27.402 GMT-0800,27.534000000000002,27.516,0.12,0.12
13.11.2023 06:32:35.853 GMT-0800,27.534000000000002,27.506,0.12,0.12
13.11.2023 06:32:35.976 GMT-0800,27.524,27.506,0.12,0.12
13.11.2023 06:32:36.806 GMT-0800,27.524,27.496,0.12,0.12
13.11.2023 06:32:36.857 GMT-0800,27.523000000000003,27.506999999999998,0.12,0.12
13.11.2023 06:32:41.491 GMT-0800,27.533,27.506999999999998,0.12,0.12
13.11.2023 06:32:41.926 GMT-0800,27.524,27.506,0.12,0.12
13.11.2023 06:32:42.164 GMT-0800,27.533,27.506999999999998,0.12,0.12
13.11.2023 06:32:43.236 GMT-0800,27.533,27.517,0.12,0.12
13.11.2023 06:32:49.834 GMT-0800,27.543000000000003,27.517,0.12,0.12
13.11.2023 06:32:50.276 GMT-0800,27.534000000000002,27.516,0.12,0.12
13.11.2023 06:32:51.491 GMT-0800,27.543000000000003,27.517,0.12,0.12
13.11.2023 06:32:51.541 GMT-0800,27.534000000000002,27.516,0.12,0.12
13.11.2023 06:32:52.211 GMT-0800,27.543000000000003,27.517,0.12,0.12
13.11.2023 06:32:52.262 GMT-0800,27.544,27.526,0.12,0.12
13.11.2023 06:32:54.054 GMT-0800,27.554000000000002,27.536,0.12,0.12
13.11.2023 06:32:54.353 GMT-0800,27.563000000000002,27.537,0.12,0.12
13.11.2023 06:32:54.403 GMT-0800,27.553,27.537,0.12,0.12
13.11.2023 06:33:01.249 GMT-0800,27.543000000000003,27.526999999999997,0.12,0.12
13.11.2023 06:33:01.300 GMT-0800,27.543000000000003,27.517,0.12,0.12
13.11.2023 06:33:02.561 GMT-0800,27.533,27.517,0.12,0.12
13.11.2023 06:33:02.712 GMT-0800,27.523000000000003,27.506999999999998,0.12,0.12
13.11.2023 06:33:03.641 GMT-0800,27.524,27.496,0.12,0.12
13.11.2023 06:33:03.751 GMT-0800,27.513,27.497,0.12,0.12
13.11.2023 06:33:04.893 GMT-0800,27.514000000000003,27.486,0.12,0.12
13.11.2023 06:33:04.943 GMT-0800,27.504,27.486,0.12,0.12
13.11.2023 06:33:06.785 GMT-0800,27.494,27.476,0.12,0.12
13.11.2023 06:33:11.401 GMT-0800,27.503000000000004,27.477,0.12,0.12
13.11.2023 06:33:12.461 GMT-0800,27.503000000000004,27.487,0.12,0.12
13.11.2023 06:33:20.365 GMT-0800,27.503000000000004,27.477,0.12,0.12
13.11.2023 06:33:20.514 GMT-0800,27.493000000000002,27.477,0.12,0.12
13.11.2023 06:33:20.726 GMT-0800,27.504,27.476,0.12,0.12
13.11.2023 06:33:20.777 GMT-0800,27.493000000000002,27.477,0.12,0.12
13.11.2023 06:33:21.077 GMT-0800,27.493000000000002,27.467,0.12,0.12
13.11.2023 06:33:21.195 GMT-0800,27.483000000000004,27.467,0.12,0.12
13.11.2023 06:33:21.449 GMT-0800,27.484,27.456,0.12,0.12
13.11.2023 06:33:21.670 GMT-0800,27.474,27.456,0.12,0.12
13.11.2023 06:33:21.771 GMT-0800,27.484,27.466,0.12,0.12
13.11.2023 06:33:23.032 GMT-0800,27.494,27.466,0.12,0.12
13.11.2023 06:33:24.427 GMT-0800,27.493000000000002,27.477,0.12,0.12
13.11.2023 06:33:25.088 GMT-0800,27.493000000000002,27.467,0.12,0.12
13.11.2023 06:33:25.138 GMT-0800,27.483000000000004,27.467,0.12,0.12
13.11.2023 06:33:25.418 GMT-0800,27.494,27.466,0.12,0.12
13.11.2023 06:33:25.599 GMT-0800,27.484,27.466,0.12,0.12
13.11.2023 06:33:26.574 GMT-0800,27.493000000000002,27.467,0.12,0.12
13.11.2023 06:33:26.624 GMT-0800,27.494,27.476,0.12,0.12
13.11.2023 06:33:32.030 GMT-0800,27.494,27.466,0.12,0.12
13.11.2023 06:33:32.081 GMT-0800,27.484,27.466,0.12,0.12
13.11.2023 06:33:34.485 GMT-0800,27.494,27.466,0.12,0.12
13.11.2023 06:33:34.596 GMT-0800,27.483000000000004,27.467,0.12,0.12
13.11.2023 06:33:35.066 GMT-0800,27.494,27.466,0.12,0.12
13.11.2023 06:33:35.717 GMT-0800,27.484,27.466,0.12,0.12
13.11.2023 06:33:40.879 GMT-0800,27.483000000000004,27.456999999999997,0.12,0.12
13.11.2023 06:33:40.930 GMT-0800,27.474,27.456,0.12,0.12
13.11.2023 06:33:41.057 GMT-0800,27.473000000000003,27.447,0.12,0.12
13.11.2023 06:33:42.202 GMT-0800,27.473000000000003,27.456999999999997,0.12,0.12
13.11.2023 06:33:42.551 GMT-0800,27.473000000000003,27.447,0.12,0.12
13.11.2023 06:33:43.426 GMT-0800,27.473000000000003,27.456999999999997,0.12,0.12
13.11.2023 06:33:43.476 GMT-0800,27.474,27.445999999999998,0.12,0.12
13.11.2023 06:33:43.609 GMT-0800,27.464000000000002,27.445999999999998,0.12,0.12
13.11.2023 06:33:43.710 GMT-0800,27.473000000000003,27.456999999999997,0.12,0.12
13.11.2023 06:33:47.931 GMT-0800,27.484,27.466,0.12,0.12
13.11.2023 06:33:52.915 GMT-0800,27.474,27.456,0.12,0.12
13.11.2023 06:33:54.180 GMT-0800,27.483000000000004,27.456999999999997,0.12,0.12
13.11.2023 06:33:54.277 GMT-0800,27.474,27.456,0.12,0.12
13.11.2023 06:33:55.701 GMT-0800,27.473000000000003,27.447,0.12,0.12
13.11.2023 06:33:57.181 GMT-0800,27.474,27.456,0.12,0.12
13.11.2023 06:33:57.240 GMT-0800,27.474,27.445999999999998,0.12,0.12
13.11.2023 06:33:59.078 GMT-0800,27.474,27.456,0.12,0.12
13.11.2023 06:34:02.757 GMT-0800,27.474,27.445999999999998,0.12,0.12
13.11.2023 06:34:02.822 GMT-0800,27.473000000000003,27.456999999999997,0.12,0.12
13.11.2023 06:34:04.405 GMT-0800,27.473000000000003,27.447,0.12,0.12
13.11.2023 06:34:04.780 GMT-0800,27.474,27.456,0.12,0.12
13.11.2023 06:34:05.536 GMT-0800,27.474,27.445999999999998,0.12,0.12
13.11.2023 06:34:05.589 GMT-0800,27.463,27.447,0.12,0.12
13.11.2023 06:34:06.074 GMT-0800,27.474,27.456,0.12,0.12
13.11.2023 06:34:06.427 GMT-0800,27.464000000000002,27.445999999999998,0.12,0.12
13.11.2023 06:34:06.827 GMT-0800,27.463,27.436999999999998,0.12,0.12
13.11.2023 06:34:06.877 GMT-0800,27.454,27.426,0.12,0.12
13.11.2023 06:34:07.101 GMT-0800,27.454,27.436,0.12,0.12
13.11.2023 06:34:17.325 GMT-0800,27.463,27.436999999999998,0.12,0.12
13.11.2023 06:34:17.375 GMT-0800,27.473000000000003,27.456999999999997,0.12,0.12
13.11.2023 06:34:19.417 GMT-0800,27.463,27.447,0.12,0.12
13.11.2023 06:34:19.468 GMT-0800,27.474,27.445999999999998,0.12,0.12
13.11.2023 06:34:19.518 GMT-0800,27.463,27.447,0.12,0.12
13.11.2023 06:34:20.149 GMT-0800,27.474,27.445999999999998,0.12,0.12
13.11.2023 06:34:21.087 GMT-0800,27.464000000000002,27.445999999999998,0.12,0.12
13.11.2023 06:34:21.141 GMT-0800,27.473000000000003,27.447,0.12,0.12
13.11.2023 06:34:21.192 GMT-0800,27.463,27.447,0.12,0.12
13.11.2023 06:34:21.906 GMT-0800,27.473000000000003,27.447,0.12,0.12
13.11.2023 06:34:22.200 GMT-0800,27.473000000000003,27.456999999999997,0.12,0.12
13.11.2023 06:34:31.358 GMT-0800,27.483000000000004,27.456999999999997,0.12,0.12
13.11.2023 06:34:31.459 GMT-0800,27.474,27.456,0.12,0.12
13.11.2023 06:34:38.936 GMT-0800,27.473000000000003,27.447,0.12,0.12
13.11.2023 06:34:41.522 GMT-0800,27.463,27.447,0.12,0.12
13.11.2023 06:35:00.260 GMT-0800,27.463,27.436999999999998,0.12,0.12
13.11.2023 06:35:00.310 GMT-0800,27.454,27.436,0.12,0.12
13.11.2023 06:35:00.875 GMT-0800,27.444000000000003,27.426,0.12,0.12
13.11.2023 06:35:02.608 GMT-0800,27.434,27.416,0.12,0.12
13.11.2023 06:35:02.782 GMT-0800,27.433000000000003,27.407,0.12,0.12
13.11.2023 06:35:02.887 GMT-0800,27.433000000000003,27.416999999999998,0.12,0.12
13.11.2023 06:35:03.369 GMT-0800,27.443,27.427,0.12,0.12
13.11.2023 06:35:03.478 GMT-0800,27.443,27.416999999999998,0.12,0.12
13.11.2023 06:35:03.733 GMT-0800,27.443,27.427,0.12,0.12
13.11.2023 06:35:04.649 GMT-0800,27.454,27.436,0.12,0.12
13.11.2023 06:35:04.863 GMT-0800,27.463,27.447,0.12,0.12
13.11.2023 06:35:06.658 GMT-0800,27.454,27.436,0.12,0.12
13.11.2023 06:35:12.079 GMT-0800,27.453000000000003,27.427,0.12,0.12
13.11.2023 06:35:12.130 GMT-0800,27.444000000000003,27.426,0.12,0.12
13.11.2023 06:35:14.694 GMT-0800,27.454,27.426,0.12,0.12
13.11.2023 06:35:14.745 GMT-0800,27.453000000000003,27.436999999999998,0.12,0.12
13.11.2023 06:35:15.832 GMT-0800,27.463,27.436999999999998,0.12,0.12
13.11.2023 06:35:15.882 GMT-0800,27.463,27.447,0.12,0.12
13.11.2023 06:35:17.916 GMT-0800,27.474,27.456,0.12,0.12
13.11.2023 06:35:19.545 GMT-0800,27.483000000000004,27.456999999999997,0.12,0.12
13.11.2023 06:35:19.596 GMT-0800,27.483000000000004,27.467,0.12,0.12
13.11.2023 06:35:24.126 GMT-0800,27.483000000000004,27.456999999999997,0.12,0.12
13.11.2023 06:35:24.819 GMT-0800,27.483000000000004,27.467,0.12,0.12
13.11.2023 06:35:24.947 GMT-0800,27.484,27.456,0.12,0.12
13.11.2023 06:35:25.136 GMT-0800,27.483000000000004,27.467,0.12,0.12
13.11.2023 06:35:25.237 GMT-0800,27.474,27.456,0.12,0.12
13.11.2023 06:35:33.239 GMT-0800,27.483000000000004,27.467,0.12,0.12
13.11.2023 06:35:36.959 GMT-0800,27.484,27.456,0.12,0.12
13.11.2023 06:35:37.010 GMT-0800,27.474,27.456,0.12,0.12
13.11.2023 06:35:37.717 GMT-0800,27.473000000000003,27.447,0.12,0.12
13.11.2023 06:35:38.318 GMT-0800,27.473000000000003,27.456999999999997,0.12,0.12
13.11.2023 06:35:40.022 GMT-0800,27.484,27.456,0.12,0.12
13.11.2023 06:35:40.191 GMT-0800,27.474,27.456,0.12,0.12
13.11.2023 06:35:41.997 GMT-0800,27.484,27.456,0.12,0.12
13.11.2023 06:35:42.321 GMT-0800,27.473000000000003,27.456999999999997,0.12,0.12
13.11.2023 06:35:44.733 GMT-0800,27.473000000000003,27.447,0.12,0.12
13.11.2023 06:35:44.784 GMT-0800,27.473000000000003,27.456999999999997,0.12,0.12
13.11.2023 06:35:44.838 GMT-0800,27.473000000000003,27.447,0.12,0.12
13.11.2023 06:35:44.938 GMT-0800,27.474,27.456,0.12,0.12
13.11.2023 06:35:44.989 GMT-0800,27.473000000000003,27.447,0.12,0.12
13.11.2023 06:35:45.100 GMT-0800,27.464000000000002,27.445999999999998,0.12,0.12
13.11.2023 06:35:46.511 GMT-0800,27.464000000000002,27.436,0.12,0.12
13.11.2023 06:35:46.561 GMT-0800,27.454,27.436,0.12,0.12
13.11.2023 06:35:56.016 GMT-0800,27.463,27.436999999999998,0.12,0.12
13.11.2023 06:35:56.066 GMT-0800,27.463,27.447,0.12,0.12
13.11.2023 06:35:59.121 GMT-0800,27.454,27.436,0.12,0.12
13.11.2023 06:36:01.509 GMT-0800,27.464000000000002,27.445999999999998,0.12,0.12
13.11.2023 06:36:04.290 GMT-0800,27.463,27.436999999999998,0.12,0.12
13.11.2023 06:36:04.440 GMT-0800,27.454,27.436,0.12,0.12
13.11.2023 06:36:09.701 GMT-0800,27.454,27.426,0.12,0.12
13.11.2023 06:36:09.752 GMT-0800,27.443,27.427,0.12,0.12
13.11.2023 06:36:16.894 GMT-0800,27.453000000000003,27.436999999999998,0.12,0.12
13.11.2023 06:36:17.809 GMT-0800,27.464000000000002,27.445999999999998,0.12,0.12
13.11.2023 06:36:18.335 GMT-0800,27.473000000000003,27.447,0.12,0.12
13.11.2023 06:36:19.168 GMT-0800,27.464000000000002,27.445999999999998,0.12,0.12
13.11.2023 06:36:30.264 GMT-0800,27.474,27.456,0.12,0.12
13.11.2023 06:36:32.096 GMT-0800,27.474,27.445999999999998,0.12,0.12
13.11.2023 06:36:32.147 GMT-0800,27.463,27.447,0.12,0.12
13.11.2023 06:36:44.527 GMT-0800,27.463,27.436999999999998,0.12,0.12
13.11.2023 06:36:44.816 GMT-0800,27.453000000000003,27.436999999999998,0.12,0.12
13.11.2023 06:36:45.259 GMT-0800,27.454,27.426,0.12,0.12
13.11.2023 06:36:45.320 GMT-0800,27.443,27.427,0.12,0.12
13.11.2023 06:36:51.320 GMT-0800,27.453000000000003,27.436999999999998,0.12,0.12
13.11.2023 06:36:52.762 GMT-0800,27.463,27.436999999999998,0.12,0.12
13.11.2023 06:36:53.714 GMT-0800,27.454,27.436,0.12,0.12
13.11.2023 06:36:55.492 GMT-0800,27.463,27.447,0.12,0.12
13.11.2023 06:37:00.734 GMT-0800,27.463,27.436999999999998,0.12,0.12
13.11.2023 06:37:00.838 GMT-0800,27.463,27.447,0.12,0.12
13.11.2023 06:37:04.261 GMT-0800,27.473000000000003,27.447,0.12,0.12
13.11.2023 06:37:04.311 GMT-0800,27.473000000000003,27.456999999999997,0.12,0.12
13.11.2023 06:37:10.415 GMT-0800,27.473000000000003,27.447,0.12,0.12
13.11.2023 06:37:10.636 GMT-0800,27.473000000000003,27.456999999999997,0.12,0.12
13.11.2023 06:37:14.601 GMT-0800,27.463,27.447,0.12,0.12
13.11.2023 06:37:16.249 GMT-0800,27.453000000000003,27.436999999999998,0.12,0.12
13.11.2023 06:37:21.935 GMT-0800,27.443,27.427,0.12,0.12
13.11.2023 06:37:29.291 GMT-0800,27.444000000000003,27.416,0.12,0.12
13.11.2023 06:37:29.342 GMT-0800,27.443,27.427,0.12,0.12
13.11.2023 06:37:36.988 GMT-0800,27.453000000000003,27.436999999999998,0.12,0.12
13.11.2023 06:37:37.737 GMT-0800,27.463,27.447,0.12,0.12
13.11.2023 06:37:41.543 GMT-0800,27.463,27.436999999999998,0.12,0.12
13.11.2023 06:37:41.593 GMT-0800,27.454,27.436,0.12,0.12
13.11.2023 06:37:44.840 GMT-0800,27.453000000000003,27.427,0.12,0.12
13.11.2023 06:37:44.891 GMT-0800,27.443,27.427,0.12,0.12
13.11.2023 06:37:46.184 GMT-0800,27.453000000000003,27.436999999999998,0.12,0.12
13.11.2023 06:37:48.553 GMT-0800,27.463,27.447,0.12,0.12
13.11.2023 06:37:57.642 GMT-0800,27.473000000000003,27.456999999999997,0.12,0.12
13.11.2023 06:38:05.114 GMT-0800,27.484,27.466,0.12,0.12
13.11.2023 06:38:13.374 GMT-0800,27.493000000000002,27.477,0.12,0.12
13.11.2023 06:38:13.885 GMT-0800,27.484,27.466,0.12,0.12
13.11.2023 06:38:16.798 GMT-0800,27.484,27.456,0.12,0.12
13.11.2023 06:38:16.926 GMT-0800,27.484,27.466,0.12,0.12
13.11.2023 06:38:23.163 GMT-0800,27.483000000000004,27.456999999999997,0.12,0.12
13.11.2023 06:38:23.652 GMT-0800,27.483000000000004,27.467,0.12,0.12
13.11.2023 06:38:24.486 GMT-0800,27.474,27.456,0.12,0.12
13.11.2023 06:38:26.995 GMT-0800,27.484,27.466,0.12,0.12
13.11.2023 06:38:28.891 GMT-0800,27.493000000000002,27.467,0.12,0.12
13.11.2023 06:38:28.979 GMT-0800,27.484,27.466,0.12,0.12
13.11.2023 06:38:31.750 GMT-0800,27.493000000000002,27.477,0.12,0.12
13.11.2023 06:38:33.865 GMT-0800,27.503000000000004,27.487,0.12,0.12
13.11.2023 06:38:36.355 GMT-0800,27.514000000000003,27.496,0.12,0.12
13.11.2023 06:38:40.513 GMT-0800,27.523000000000003,27.506999999999998,0.12,0.12
13.11.2023 06:38:43.970 GMT-0800,27.514000000000003,27.496,0.12,0.12
13.11.2023 06:38:50.250 GMT-0800,27.523000000000003,27.497,0.12,0.12
13.11.2023 06:38:50.300 GMT-0800,27.513,27.497,0.12,0.12
13.11.2023 06:38:52.271 GMT-0800,27.524,27.506,0.12,0.12
13.11.2023 06:38:59.379 GMT-0800,27.523000000000003,27.497,0.12,0.12
13.11.2023 06:38:59.430 GMT-0800,27.513,27.497,0.12,0.12
13.11.2023 06:39:01.620 GMT-0800,27.504,27.486,0.12,0.12
13.11.2023 06:39:08.072 GMT-0800,27.513,27.497,0.12,0.12
13.11.2023 06:39:09.221 GMT-0800,27.524,27.506,0.12,0.12
13.11.2023 06:39:13.679 GMT-0800,27.534000000000002,27.506,0.12,0.12
13.11.2023 06:39:14.279 GMT-0800,27.534000000000002,27.516,0.12,0.12
13.11.2023 06:39:19.039 GMT-0800,27.524,27.506,0.12,0.12
13.11.2023 06:39:20.492 GMT-0800,27.523000000000003,27.497,0.12,0.12
13.11.2023 06:39:20.551 GMT-0800,27.524,27.506,0.12,0.12
13.11.2023 06:39:20.602 GMT-0800,27.523000000000003,27.497,0.12,0.12
13.11.2023 06:39:20.735 GMT-0800,27.523000000000003,27.506999999999998,0.12,0.12
13.11.2023 06:39:21.707 GMT-0800,27.523000000000003,27.497,0.12,0.12
13.11.2023 06:39:21.993 GMT-0800,27.524,27.506,0.12,0.12
13.11.2023 06:39:23.401 GMT-0800,27.523000000000003,27.497,0.12,0.12
13.11.2023 06:39:23.772 GMT-0800,27.513,27.497,0.12,0.12
13.11.2023 06:39:29.524 GMT-0800,27.504,27.486,0.12,0.12
13.11.2023 06:39:37.134 GMT-0800,27.514000000000003,27.496,0.12,0.12
13.11.2023 06:39:40.628 GMT-0800,27.524,27.506,0.12,0.12
13.11.2023 06:39:42.203 GMT-0800,27.533,27.517,0.12,0.12
13.11.2023 06:39:49.557 GMT-0800,27.534000000000002,27.506,0.12,0.12
13.11.2023 06:39:49.697 GMT-0800,27.533,27.517,0.12,0.12
13.11.2023 06:39:56.774 GMT-0800,27.543000000000003,27.526999999999997,0.12,0.12
13.11.2023 06:40:02.479 GMT-0800,27.553,27.526999999999997,0.12,0.12
13.11.2023 06:40:02.530 GMT-0800,27.554000000000002,27.536,0.12,0.12
13.11.2023 06:40:03.901 GMT-0800,27.544,27.526,0.12,0.12
13.11.2023 06:40:04.952 GMT-0800,27.543000000000003,27.517,0.12,0.12
13.11.2023 06:40:05.216 GMT-0800,27.544,27.526,0.12,0.12
13.11.2023 06:40:05.658 GMT-0800,27.553,27.537,0.12,0.12
13.11.2023 06:40:05.956 GMT-0800,27.553,27.526999999999997,0.12,0.12
13.11.2023 06:40:07.349 GMT-0800,27.553,27.537,0.12,0.12
13.11.2023 06:40:16.244 GMT-0800,27.564,27.546,0.12,0.12
13.11.2023 06:40:17.775 GMT-0800,27.563000000000002,27.537,0.12,0.12
13.11.2023 06:40:17.876 GMT-0800,27.554000000000002,27.536,0.12,0.12
13.11.2023 06:40:28.847 GMT-0800,27.564,27.546,0.12,0.12
13.11.2023 06:40:31.304 GMT-0800,27.573000000000004,27.546999999999997,0.12,0.12
13.11.2023 06:40:32.074 GMT-0800,27.563000000000002,27.546999999999997,0.12,0.12
13.11.2023 06:40:34.183 GMT-0800,27.573000000000004,27.557,0.12,0.12
13.11.2023 06:40:34.428 GMT-0800,27.574,27.546,0.12,0.12
13.11.2023 06:40:34.478 GMT-0800,27.563000000000002,27.546999999999997,0.12,0.12
13.11.2023 06:40:34.961 GMT-0800,27.573000000000004,27.557,0.12,0.12
13.11.2023 06:40:35.418 GMT-0800,27.573000000000004,27.546999999999997,0.12,0.12
13.11.2023 06:40:35.551 GMT-0800,27.573000000000004,27.557,0.12,0.12
13.11.2023 06:40:37.805 GMT-0800,27.564,27.546,0.12,0.12
13.11.2023 06:40:40.832 GMT-0800,27.553,27.537,0.12,0.12
13.11.2023 06:40:45.357 GMT-0800,27.564,27.546,0.12,0.12
13.11.2023 06:40:46.253 GMT-0800,27.574,27.546,0.12,0.12
13.11.2023 06:40:47.281 GMT-0800,27.574,27.556,0.12,0.12
13.11.2023 06:40:47.429 GMT-0800,27.573000000000004,27.546999999999997,0.12,0.12
13.11.2023 06:40:47.479 GMT-0800,27.564,27.546,0.12,0.12
13.11.2023 06:40:47.884 GMT-0800,27.563000000000002,27.537,0.12,0.12
13.11.2023 06:40:48.513 GMT-0800,27.563000000000002,27.546999999999997,0.12,0.12
13.11.2023 06:40:49.341 GMT-0800,27.564,27.536,0.12,0.12
13.11.2023 06:40:49.409 GMT-0800,27.563000000000002,27.546999999999997,0.12,0.12
13.11.2023 06:40:49.471 GMT-0800,27.563000000000002,27.537,0.12,0.12
13.11.2023 06:40:50.514 GMT-0800,27.564,27.546,0.12,0.12
13.11.2023 06:40:50.565 GMT-0800,27.564,27.536,0.12,0.12
13.11.2023 06:40:50.619 GMT-0800,27.564,27.546,0.12,0.12
13.11.2023 06:40:50.718 GMT-0800,27.563000000000002,27.537,0.12,0.12
13.11.2023 06:40:50.837 GMT-0800,27.564,27.546,0.12,0.12
13.11.2023 06:40:51.025 GMT-0800,27.564,27.536,0.12,0.12
13.11.2023 06:40:51.211 GMT-0800,27.564,27.546,0.12,0.12
13.11.2023 06:40:51.391 GMT-0800,27.563000000000002,27.537,0.12,0.12
13.11.2023 06:40:51.493 GMT-0800,27.563000000000002,27.546999999999997,0.12,0.12
13.11.2023 06:40:51.647 GMT-0800,27.563000000000002,27.537,0.12,0.12
13.11.2023 06:40:52.561 GMT-0800,27.564,27.546,0.12,0.12
13.11.2023 06:40:53.346 GMT-0800,27.563000000000002,27.537,0.12,0.12
13.11.2023 06:40:53.730 GMT-0800,27.563000000000002,27.546999999999997,0.12,0.12
13.11.2023 06:41:07.689 GMT-0800,27.573000000000004,27.557,0.12,0.12
13.11.2023 06:41:08.271 GMT-0800,27.583000000000002,27.557,0.12,0.12
13.11.2023 06:41:08.322 GMT-0800,27.583000000000002,27.567,0.12,0.12
13.11.2023 06:41:09.197 GMT-0800,27.573000000000004,27.557,0.12,0.12
13.11.2023 06:41:12.825 GMT-0800,27.584000000000003,27.566,0.12,0.12
13.11.2023 06:41:14.798 GMT-0800,27.573000000000004,27.557,0.12,0.12
13.11.2023 06:41:23.709 GMT-0800,27.573000000000004,27.546999999999997,0.12,0.12
13.11.2023 06:41:25.578 GMT-0800,27.573000000000004,27.557,0.12,0.12
13.11.2023 06:41:28.351 GMT-0800,27.583000000000002,27.567,0.12,0.12
13.11.2023 06:41:37.321 GMT-0800,27.573000000000004,27.557,0.12,0.12
13.11.2023 06:41:40.042 GMT-0800,27.584000000000003,27.566,0.12,0.12
13.11.2023 06:41:41.774 GMT-0800,27.593000000000004,27.576999999999998,0.12,0.12
13.11.2023 06:41:42.321 GMT-0800,27.604000000000003,27.576,0.12,0.12
13.11.2023 06:41:43.103 GMT-0800,27.594,27.576,0.12,0.12
13.11.2023 06:41:47.960 GMT-0800,27.604000000000003,27.576,0.12,0.12
13.11.2023 06:41:50.119 GMT-0800,27.593000000000004,27.576999999999998,0.12,0.12
13.11.2023 06:41:50.473 GMT-0800,27.604000000000003,27.576,0.12,0.12
13.11.2023 06:41:50.524 GMT-0800,27.604000000000003,27.586,0.12,0.12
13.11.2023 06:42:03.406 GMT-0800,27.613000000000003,27.596999999999998,0.12,0.12
13.11.2023 06:42:05.099 GMT-0800,27.624000000000002,27.596,0.12,0.12
13.11.2023 06:42:05.150 GMT-0800,27.614,27.596,0.12,0.12
13.11.2023 06:42:05.506 GMT-0800,27.623,27.596999999999998,0.12,0.12
13.11.2023 06:42:07.179 GMT-0800,27.613000000000003,27.596999999999998,0.12,0.12
13.11.2023 06:42:13.156 GMT-0800,27.624000000000002,27.596,0.12,0.12
13.11.2023 06:42:13.207 GMT-0800,27.624000000000002,27.605999999999998,0.12,0.12
13.11.2023 06:42:15.291 GMT-0800,27.633000000000003,27.607,0.12,0.12
13.11.2023 06:42:16.362 GMT-0800,27.623,27.607,0.12,0.12
13.11.2023 06:42:16.875 GMT-0800,27.634,27.605999999999998,0.12,0.12
13.11.2023 06:42:16.926 GMT-0800,27.634,27.616,0.12,0.12
13.11.2023 06:42:26.885 GMT-0800,27.623,27.607,0.12,0.12
13.11.2023 06:42:30.173 GMT-0800,27.623,27.596999999999998,0.12,0.12
13.11.2023 06:42:31.186 GMT-0800,27.614,27.596,0.12,0.12
13.11.2023 06:42:40.621 GMT-0800,27.604000000000003,27.586,0.12,0.12
13.11.2023 06:42:48.363 GMT-0800,27.603,27.576999999999998,0.12,0.12
13.11.2023 06:42:48.618 GMT-0800,27.603,27.587,0.12,0.12
13.11.2023 06:42:53.068 GMT-0800,27.613000000000003,27.596999999999998,0.12,0.12
13.11.2023 06:42:54.316 GMT-0800,27.623,27.596999999999998,0.12,0.12
13.11.2023 06:42:56.117 GMT-0800,27.614,27.596,0.12,0.12
13.11.2023 06:42:56.467 GMT-0800,27.624000000000002,27.596,0.12,0.12
13.11.2023 06:42:57.439 GMT-0800,27.624000000000002,27.605999999999998,0.12,0.12
13.11.2023 06:43:00.628 GMT-0800,27.633000000000003,27.616999999999997,0.12,0.12
13.11.2023 06:43:06.822 GMT-0800,27.633000000000003,27.607,0.12,0.12
13.11.2023 06:43:06.873 GMT-0800,27.634,27.616,0.12,0.12
13.11.2023 06:43:09.021 GMT-0800,27.624000000000002,27.605999999999998,0.12,0.12
13.11.2023 06:43:17.841 GMT-0800,27.634,27.605999999999998,0.12,0.12
13.11.2023 06:43:18.039 GMT-0800,27.633000000000003,27.616999999999997,0.12,0.12
13.11.2023 06:43:40.717 GMT-0800,27.623,27.607,0.12,0.12
13.11.2023 06:43:43.667 GMT-0800,27.614,27.596,0.12,0.12
13.11.2023 06:43:44.098 GMT-0800,27.623,27.596999999999998,0.12,0.12
13.11.2023 06:43:44.398 GMT-0800,27.614,27.596,0.12,0.12
13.11.2023 06:43:44.550 GMT-0800,27.624000000000002,27.596,0.12,0.12
13.11.2023 06:43:45.509 GMT-0800,27.613000000000003,27.596999999999998,0.12,0.12
13.11.2023 06:43:45.722 GMT-0800,27.623,27.596999999999998,0.12,0.12
13.11.2023 06:43:45.960 GMT-0800,27.613000000000003,27.596999999999998,0.12,0.12
13.11.2023 06:43:46.248 GMT-0800,27.624000000000002,27.596,0.12,0.12
13.11.2023 06:43:46.796 GMT-0800,27.623,27.607,0.12,0.12
13.11.2023 06:43:47.521 GMT-0800,27.633000000000003,27.607,0.12,0.12
13.11.2023 06:43:47.804 GMT-0800,27.624000000000002,27.605999999999998,0.12,0.12
13.11.2023 06:43:52.047 GMT-0800,27.633000000000003,27.607,0.12,0.12
13.11.2023 06:43:52.347 GMT-0800,27.624000000000002,27.605999999999998,0.12,0.12
13.11.2023 06:44:00.122 GMT-0800,27.624000000000002,27.596,0.12,0.12
13.11.2023 06:44:00.173 GMT-0800,27.614,27.596,0.12,0.12
13.11.2023 06:44:04.204 GMT-0800,27.603,27.576999999999998,0.12,0.12
13.11.2023 06:44:05.138 GMT-0800,27.603,27.587,0.12,0.12
13.11.2023 06:44:05.246 GMT-0800,27.604000000000003,27.576,0.12,0.12
13.11.2023 06:44:05.349 GMT-0800,27.603,27.587,0.12,0.12
13.11.2023 06:44:05.718 GMT-0800,27.604000000000003,27.576,0.12,0.12
13.11.2023 06:44:05.768 GMT-0800,27.604000000000003,27.586,0.12,0.12
13.11.2023 06:44:05.975 GMT-0800,27.603,27.576999999999998,0.12,0.12
13.11.2023 06:44:06.218 GMT-0800,27.603,27.587,0.12,0.12
13.11.2023 06:44:20.727 GMT-0800,27.593000000000004,27.576999999999998,0.12,0.12
13.11.2023 06:44:32.106 GMT-0800,27.604000000000003,27.576,0.12,0.12
13.11.2023 06:44:32.157 GMT-0800,27.604000000000003,27.586,0.12,0.12
13.11.2023 06:44:38.230 GMT-0800,27.594,27.576,0.12,0.12
13.11.2023 06:44:48.631 GMT-0800,27.584000000000003,27.566,0.12,0.12
13.11.2023 06:45:00.239 GMT-0800,27.593000000000004,27.576999999999998,0.12,0.12
13.11.2023 06:45:04.560 GMT-0800,27.603,27.587,0.12,0.12
13.11.2023 06:45:10.395 GMT-0800,27.593000000000004,27.576999999999998,0.12,0.12
13.11.2023 06:45:10.748 GMT-0800,27.583000000000002,27.567,0.12,0.12
13.11.2023 06:45:12.317 GMT-0800,27.574,27.556,0.12,0.12
13.11.2023 06:45:17.822 GMT-0800,27.584000000000003,27.556,0.12,0.12
13.11.2023 06:45:17.872 GMT-0800,27.573000000000004,27.557,0.12,0.12
13.11.2023 06:45:18.240 GMT-0800,27.584000000000003,27.556,0.12,0.12
13.11.2023 06:45:19.026 GMT-0800,27.583000000000002,27.567,0.12,0.12
13.11.2023 06:45:40.866 GMT-0800,27.574,27.556,0.12,0.12
13.11.2023 06:45:42.172 GMT-0800,27.584000000000003,27.566,0.12,0.12
13.11.2023 06:45:45.336 GMT-0800,27.593000000000004,27.576999999999998,0.12,0.12
13.11.2023 06:46:34.522 GMT-0800,27.584000000000003,27.566,0.12,0.12
13.11.2023 06:46:36.671 GMT-0800,27.573000000000004,27.557,0.12,0.12
13.11.2023 06:46:54.638 GMT-0800,27.584000000000003,27.566,0.12,0.12
13.11.2023 06:46:55.868 GMT-0800,27.594,27.576,0.12,0.12
13.11.2023 06:46:57.263 GMT-0800,27.583000000000002,27.567,0.12,0.12
13.11.2023 06:47:26.013 GMT-0800,27.594,27.566,0.12,0.12
13.11.2023 06:47:26.063 GMT-0800,27.593000000000004,27.576999999999998,0.12,0.12
13.11.2023 06:47:30.694 GMT-0800,27.603,27.587,0.12,0.12
13.11.2023 06:47:35.886 GMT-0800,27.613000000000003,27.587,0.12,0.12
13.11.2023 06:47:35.936 GMT-0800,27.614,27.596,0.12,0.12
13.11.2023 06:47:36.374 GMT-0800,27.613000000000003,27.587,0.12,0.12
13.11.2023 06:47:36.425 GMT-0800,27.603,27.587,0.12,0.12
13.11.2023 06:47:41.543 GMT-0800,27.614,27.586,0.12,0.12
13.11.2023 06:47:41.801 GMT-0800,27.604000000000003,27.586,0.12,0.12
13.11.2023 06:47:46.233 GMT-0800,27.613000000000003,27.587,0.12,0.12
13.11.2023 06:47:46.284 GMT-0800,27.614,27.596,0.12,0.12
13.11.2023 06:48:09.421 GMT-0800,27.623,27.607,0.12,0.12
13.11.2023 06:48:11.415 GMT-0800,27.624000000000002,27.596,0.12,0.12
13.11.2023 06:48:11.465 GMT-0800,27.614,27.596,0.12,0.12
13.11.2023 06:48:59.447 GMT-0800,27.604000000000003,27.586,0.12,0.12
13.11.2023 06:49:14.546 GMT-0800,27.604000000000003,27.576,0.12,0.12
13.11.2023 06:49:14.597 GMT-0800,27.594,27.576,0.12,0.12
13.11.2023 06:49:25.209 GMT-0800,27.603,27.587,0.12,0.12
13.11.2023 06:49:32.694 GMT-0800,27.593000000000004,27.576999999999998,0.12,0.12
13.11.2023 06:49:58.408 GMT-0800,27.604000000000003,27.586,0.12,0.12
13.11.2023 06:50:09.553 GMT-0800,27.614,27.596,0.12,0.12
13.11.2023 06:50:44.323 GMT-0800,27.624000000000002,27.605999999999998,0.12,0.12
13.11.2023 06:51:00.215 GMT-0800,27.633000000000003,27.616999999999997,0.12,0.12
13.11.2023 06:51:16.280 GMT-0800,27.644000000000002,27.616,0.12,0.12
13.11.2023 06:51:16.330 GMT-0800,27.643,27.627,0.12,0.12
13.11.2023 06:51:18.018 GMT-0800,27.653000000000002,27.637,0.12,0.12
13.11.2023 06:51:24.355 GMT-0800,27.653000000000002,27.627,0.12,0.12
13.11.2023 06:51:24.407 GMT-0800,27.643,27.627,0.12,0.12
13.11.2023 06:51:32.941 GMT-0800,27.654,27.636,0.12,0.12
13.11.2023 06:51:37.769 GMT-0800,27.664,27.646,0.12,0.12
13.11.2023 06:52:16.379 GMT-0800,27.673000000000002,27.657,0.12,0.12
13.11.2023 06:52:19.436 GMT-0800,27.683000000000003,27.666999999999998,0.12,0.12
13.11.2023 06:52:22.193 GMT-0800,27.674000000000003,27.656,0.12,0.12
13.11.2023 06:52:33.815 GMT-0800,27.663000000000004,27.647,0.12,0.12
13.11.2023 06:52:58.649 GMT-0800,27.673000000000002,27.657,0.12,0.12
13.11.2023 06:53:02.245 GMT-0800,27.663000000000004,27.647,0.12,0.12
13.11.2023 06:53:10.784 GMT-0800,27.674000000000003,27.656,0.12,0.12
13.11.2023 06:53:18.655 GMT-0800,27.664,27.646,0.12,0.12
13.11.2023 06:53:30.968 GMT-0800,27.673000000000002,27.647,0.12,0.12
13.11.2023 06:53:31.019 GMT-0800,27.673000000000002,27.657,0.12,0.12
13.11.2023 06:53:31.170 GMT-0800,27.684,27.666,0.12,0.12
13.11.2023 06:53:34.431 GMT-0800,27.674000000000003,27.656,0.12,0.12
13.11.2023 06:53:45.887 GMT-0800,27.673000000000002,27.647,0.12,0.12
13.11.2023 06:53:45.937 GMT-0800,27.664,27.646,0.12,0.12
13.11.2023 06:54:27.095 GMT-0800,27.673000000000002,27.647,0.12,0.12
13.11.2023 06:54:27.145 GMT-0800,27.674000000000003,27.656,0.12,0.12
13.11.2023 06:54:32.411 GMT-0800,27.664,27.646,0.12,0.12
13.11.2023 06:54:49.852 GMT-0800,27.664,27.636,0.12,0.12
13.11.2023 06:54:49.903 GMT-0800,27.654,27.636,0.12,0.12
13.11.2023 06:54:54.352 GMT-0800,27.643,27.627,0.12,0.12
13.11.2023 06:54:58.122 GMT-0800,27.654,27.636,0.12,0.12
13.11.2023 06:55:01.479 GMT-0800,27.664,27.636,0.12,0.12
13.11.2023 06:55:01.530 GMT-0800,27.653000000000002,27.637,0.12,0.12
13.11.2023 06:55:08.008 GMT-0800,27.653000000000002,27.627,0.12,0.12
13.11.2023 06:55:08.059 GMT-0800,27.654,27.636,0.12,0.12
13.11.2023 06:55:08.188 GMT-0800,27.644000000000002,27.626,0.12,0.12
13.11.2023 06:55:11.717 GMT-0800,27.654,27.636,0.12,0.12
13.11.2023 06:55:12.577 GMT-0800,27.653000000000002,27.627,0.12,0.12
13.11.2023 06:55:12.888 GMT-0800,27.654,27.636,0.12,0.12
13.11.2023 06:55:13.151 GMT-0800,27.653000000000002,27.627,0.12,0.12
13.11.2023 06:55:13.482 GMT-0800,27.654,27.636,0.12,0.12
13.11.2023 06:55:13.532 GMT-0800,27.654,27.626,0.12,0.12
13.11.2023 06:55:13.867 GMT-0800,27.643,27.627,0.12,0.12
13.11.2023 06:55:19.871 GMT-0800,27.634,27.616,0.12,0.12
13.11.2023 06:55:23.034 GMT-0800,27.624000000000002,27.605999999999998,0.12,0.12
13.11.2023 06:55:51.665 GMT-0800,27.633000000000003,27.616999999999997,0.12,0.12
13.11.2023 06:55:54.254 GMT-0800,27.644000000000002,27.626,0.12,0.12
13.11.2023 06:56:15.421 GMT-0800,27.653000000000002,27.627,0.12,0.12
13.11.2023 06:56:15.472 GMT-0800,27.653000000000002,27.637,0.12,0.12
13.11.2023 06:56:18.098 GMT-0800,27.664,27.636,0.12,0.12
13.11.2023 06:56:18.589 GMT-0800,27.653000000000002,27.637,0.12,0.12
13.11.2023 06:56:20.947 GMT-0800,27.663000000000004,27.637,0.12,0.12
13.11.2023 06:56:20.997 GMT-0800,27.664,27.646,0.12,0.12
13.11.2023 06:56:37.605 GMT-0800,27.673000000000002,27.647,0.12,0.12
13.11.2023 06:56:38.069 GMT-0800,27.674000000000003,27.656,0.12,0.12
13.11.2023 06:56:56.978 GMT-0800,27.683000000000003,27.666999999999998,0.12,0.12
13.11.2023 06:57:07.066 GMT-0800,27.683000000000003,27.657,0.12,0.12
13.11.2023 06:57:07.116 GMT-0800,27.674000000000003,27.656,0.12,0.12
13.11.2023 06:57:14.143 GMT-0800,27.684,27.656,0.12,0.12
13.11.2023 06:57:14.194 GMT-0800,27.684,27.666,0.12,0.12
13.11.2023 06:57:29.415 GMT-0800,27.693,27.666999999999998,0.12,0.12
13.11.2023 06:57:30.190 GMT-0800,27.693,27.677,0.12,0.12
13.11.2023 06:57:50.767 GMT-0800,27.703000000000003,27.686999999999998,0.12,0.12
13.11.2023 06:58:04.779 GMT-0800,27.714000000000002,27.686,0.12,0.12
13.11.2023 06:58:04.830 GMT-0800,27.714000000000002,27.695999999999998,0.12,0.12
13.11.2023 06:58:10.895 GMT-0800,27.723000000000003,27.706999999999997,0.12,0.12
13.11.2023 06:58:11.147 GMT-0800,27.713,27.697,0.12,0.12
13.11.2023 06:58:27.484 GMT-0800,27.724,27.706,0.12,0.12
13.11.2023 06:58:33.012 GMT-0800,27.734,27.716,0.12,0.12
13.11.2023 06:58:48.177 GMT-0800,27.734,27.706,0.12,0.12
13.11.2023 06:58:48.227 GMT-0800,27.724,27.706,0.12,0.12
13.11.2023 06:58:49.362 GMT-0800,27.734,27.706,0.12,0.12
13.11.2023 06:58:50.097 GMT-0800,27.733000000000004,27.717,0.12,0.12
13.11.2023 06:58:56.683 GMT-0800,27.744,27.726,0.12,0.12
13.11.2023 06:59:02.776 GMT-0800,27.734,27.716,0.12,0.12
13.11.2023 06:59:07.323 GMT-0800,27.743000000000002,27.717,0.12,0.12
13.11.2023 06:59:08.091 GMT-0800,27.733000000000004,27.717,0.12,0.12
13.11.2023 06:59:13.500 GMT-0800,27.733000000000004,27.706999999999997,0.12,0.12
13.11.2023 06:59:13.550 GMT-0800,27.724,27.706,0.12,0.12
13.11.2023 06:59:23.298 GMT-0800,27.733000000000004,27.717,0.12,0.12
13.11.2023 06:59:29.913 GMT-0800,27.744,27.726,0.12,0.12
13.11.2023 06:59:31.091 GMT-0800,27.743000000000002,27.717,0.12,0.12
13.11.2023 06:59:31.141 GMT-0800,27.743000000000002,27.727,0.12,0.12
13.11.2023 06:59:31.192 GMT-0800,27.744,27.716,0.12,0.12
13.11.2023 06:59:31.439 GMT-0800,27.733000000000004,27.717,0.12,0.12
13.11.2023 06:59:52.376 GMT-0800,27.734,27.706,0.12,0.12
13.11.2023 06:59:52.426 GMT-0800,27.724,27.706,0.12,0.12
13.11.2023 07:00:00.336 GMT-0800,27.724,27.695999999999998,0.12,0.12
13.11.2023 07:00:00.387 GMT-0800,27.714000000000002,27.695999999999998,0.12,0.12
13.11.2023 07:00:01.955 GMT-0800,27.724,27.706,0.12,0.12
13.11.2023 07:00:02.885 GMT-0800,27.714000000000002,27.695999999999998,0.12,0.12
13.11.2023 07:00:09.189 GMT-0800,27.704,27.686,0.12,0.12
13.11.2023 07:00:10.163 GMT-0800,27.694000000000003,27.676,0.12,0.12
13.11.2023 07:00:17.490 GMT-0800,27.683000000000003,27.666999999999998,0.12,0.12
13.11.2023 07:00:19.596 GMT-0800,27.674000000000003,27.656,0.12,0.12
13.11.2023 07:00:30.973 GMT-0800,27.663000000000004,27.647,0.12,0.12
13.11.2023 07:00:33.507 GMT-0800,27.654,27.636,0.12,0.12
13.11.2023 07:00:37.153 GMT-0800,27.644000000000002,27.626,0.12,0.12
13.11.2023 07:00:43.241 GMT-0800,27.653000000000002,27.627,0.12,0.12
13.11.2023 07:00:43.291 GMT-0800,27.653000000000002,27.637,0.12,0.12
13.11.2023 07:01:10.169 GMT-0800,27.664,27.636,0.12,0.12
13.11.2023 07:01:10.220 GMT-0800,27.664,27.646,0.12,0.12
13.11.2023 07:01:10.792 GMT-0800,27.674000000000003,27.656,0.12,0.12
13.11.2023 07:01:13.951 GMT-0800,27.664,27.646,0.12,0.12
13.11.2023 07:01:19.706 GMT-0800,27.673000000000002,27.657,0.12,0.12
13.11.2023 07:01:29.519 GMT-0800,27.674000000000003,27.646,0.12,0.12
13.11.2023 07:01:29.900 GMT-0800,27.664,27.646,0.12,0.12
13.11.2023 07:01:30.080 GMT-0800,27.673000000000002,27.647,0.12,0.12
13.11.2023 07:01:30.452 GMT-0800,27.663000000000004,27.647,0.12,0.12
13.11.2023 07:01:34.832 GMT-0800,27.664,27.636,0.12,0.12
13.11.2023 07:01:34.912 GMT-0800,27.663000000000004,27.647,0.12,0.12
13.11.2023 07:01:39.389 GMT-0800,27.674000000000003,27.646,0.12,0.12
13.11.2023 07:01:39.439 GMT-0800,27.673000000000002,27.657,0.12,0.12
13.11.2023 07:01:41.863 GMT-0800,27.674000000000003,27.646,0.12,0.12
13.11.2023 07:01:41.913 GMT-0800,27.664,27.646,0.12,0.12
13.11.2023 07:01:46.808 GMT-0800,27.664,27.636,0.12,0.12
13.11.2023 07:01:46.858 GMT-0800,27.654,27.636,0.12,0.12
13.11.2023 07:02:00.518 GMT-0800,27.644000000000002,27.626,0.12,0.12
13.11.2023 07:02:26.437 GMT-0800,27.654,27.636,0.12,0.12
13.11.2023 07:02:48.600 GMT-0800,27.664,27.646,0.12,0.12
13.11.2023 07:03:03.820 GMT-0800,27.654,27.636,0.12,0.12
13.11.2023 07:03:09.703 GMT-0800,27.664,27.646,0.12,0.12
13.11.2023 07:03:12.353 GMT-0800,27.654,27.636,0.12,0.12
13.11.2023 07:03:33.547 GMT-0800,27.664,27.646,0.12,0.12
13.11.2023 07:03:34.886 GMT-0800,27.663000000000004,27.637,0.12,0.12
13.11.2023 07:03:36.148 GMT-0800,27.663000000000004,27.647,0.12,0.12
13.11.2023 07:04:35.584 GMT-0800,27.654,27.636,0.12,0.12
13.11.2023 07:04:40.794 GMT-0800,27.653000000000002,27.627,0.12,0.12
13.11.2023 07:04:40.845 GMT-0800,27.654,27.636,0.12,0.12
13.11.2023 07:04:41.372 GMT-0800,27.644000000000002,27.626,0.12,0.12
13.11.2023 07:04:41.473 GMT-0800,27.633000000000003,27.616999999999997,0.12,0.12
13.11.2023 07:04:57.625 GMT-0800,27.644000000000002,27.626,0.12,0.12
13.11.2023 07:05:29.392 GMT-0800,27.633000000000003,27.616999999999997,0.12,0.12
13.11.2023 07:05:29.923 GMT-0800,27.634,27.605999999999998,0.12,0.12
13.11.2023 07:05:30.468 GMT-0800,27.633000000000003,27.616999999999997,0.12,0.12
13.11.2023 07:06:33.592 GMT-0800,27.644000000000002,27.616,0.12,0.12
13.11.2023 07:06:33.844 GMT-0800,27.644000000000002,27.626,0.12,0.12
13.11.2023 07:06:35.867 GMT-0800,27.654,27.636,0.12,0.12
13.11.2023 07:06:58.378 GMT-0800,27.664,27.646,0.12,0.12
13.11.2023 07:06:59.019 GMT-0800,27.653000000000002,27.637,0.12,0.12
13.11.2023 07:07:00.535 GMT-0800,27.644000000000002,27.626,0.12,0.12
13.11.2023 07:07:03.172 GMT-0800,27.653000000000002,27.637,0.12,0.12
13.11.2023 07:07:23.096 GMT-0800,27.643,27.627,0.12,0.12
13.11.2023 07:07:40.670 GMT-0800,27.634,27.616,0.12,0.12
13.11.2023 07:07:53.718 GMT-0800,27.624000000000002,27.605999999999998,0.12,0.12
13.11.2023 07:07:57.445 GMT-0800,27.624000000000002,27.596,0.12,0.12
13.11.2023 07:07:57.495 GMT-0800,27.614,27.596,0.12,0.12
13.11.2023 07:08:08.898 GMT-0800,27.624000000000002,27.605999999999998,0.12,0.12
13.11.2023 07:08:35.806 GMT-0800,27.634,27.605999999999998,0.12,0.12
13.11.2023 07:08:35.856 GMT-0800,27.634,27.616,0.12,0.12
13.11.2023 07:08:40.963 GMT-0800,27.634,27.605999999999998,0.12,0.12
13.11.2023 07:08:41.014 GMT-0800,27.623,27.607,0.12,0.12
13.11.2023 07:08:54.865 GMT-0800,27.613000000000003,27.596999999999998,0.12,0.12
13.11.2023 07:09:05.251 GMT-0800,27.604000000000003,27.586,0.12,0.12
13.11.2023 07:09:17.588 GMT-0800,27.594,27.576,0.12,0.12
13.11.2023 07:09:22.400 GMT-0800,27.603,27.587,0.12,0.12
13.11.2023 07:09:33.122 GMT-0800,27.594,27.576,0.12,0.12
13.11.2023 07:09:48.760 GMT-0800,27.603,27.587,0.12,0.12
13.11.2023 07:10:01.792 GMT-0800,27.603,27.576999999999998,0.12,0.12
13.11.2023 07:10:01.842 GMT-0800,27.594,27.576,0.12,0.12
13.11.2023 07:10:15.185 GMT-0800,27.583000000000002,27.567,0.12,0.12
13.11.2023 07:10:15.488 GMT-0800,27.594,27.576,0.12,0.12
13.11.2023 07:10:33.013 GMT-0800,27.583000000000002,27.567,0.12,0.12
13.11.2023 07:10:40.513 GMT-0800,27.574,27.556,0.12,0.12
13.11.2023 07:10:44.206 GMT-0800,27.563000000000002,27.546999999999997,0.12,0.12
13.11.2023 07:11:22.148 GMT-0800,27.564,27.536,0.12,0.12
13.11.2023 07:11:22.198 GMT-0800,27.563000000000002,27.546999999999997,0.12,0.12
13.11.2023 07:11:22.745 GMT-0800,27.563000000000002,27.537,0.12,0.12
13.11.2023 07:11:22.906 GMT-0800,27.563000000000002,27.546999999999997,0.12,0.12
13.11.2023 07:11:23.007 GMT-0800,27.554000000000002,27.536,0.12,0.12
13.11.2023 07:11:24.082 GMT-0800,27.563000000000002,27.546999999999997,0.12,0.12
13.11.2023 07:11:26.188 GMT-0800,27.574,27.546,0.12,0.12
13.11.2023 07:11:26.238 GMT-0800,27.573000000000004,27.557,0.12,0.12
13.11.2023 07:11:30.405 GMT-0800,27.583000000000002,27.567,0.12,0.12
13.11.2023 07:11:30.556 GMT-0800,27.574,27.556,0.12,0.12
13.11.2023 07:11:31.263 GMT-0800,27.583000000000002,27.557,0.12,0.12
13.11.2023 07:11:32.909 GMT-0800,27.584000000000003,27.566,0.12,0.12
13.11.2023 07:11:42.727 GMT-0800,27.593000000000004,27.567,0.12,0.12
13.11.2023 07:11:42.778 GMT-0800,27.593000000000004,27.576999999999998,0.12,0.12
13.11.2023 07:11:51.952 GMT-0800,27.583000000000002,27.567,0.12,0.12
13.11.2023 07:12:05.069 GMT-0800,27.593000000000004,27.576999999999998,0.12,0.12
13.11.2023 07:12:11.386 GMT-0800,27.584000000000003,27.566,0.12,0.12
13.11.2023 07:12:16.797 GMT-0800,27.593000000000004,27.576999999999998,0.12,0.12
13.11.2023 07:12:34.730 GMT-0800,27.603,27.576999999999998,0.12,0.12
13.11.2023 07:12:34.781 GMT-0800,27.603,27.587,0.12,0.12
13.11.2023 07:12:54.327 GMT-0800,27.593000000000004,27.576999999999998,0.12,0.12
13.11.2023 07:13:00.605 GMT-0800,27.604000000000003,27.576,0.12,0.12
13.11.2023 07:13:00.656 GMT-0800,27.604000000000003,27.586,0.12,0.12
13.11.2023 07:13:16.993 GMT-0800,27.613000000000003,27.596999999999998,0.12,0.12
13.11.2023 07:13:38.579 GMT-0800,27.624000000000002,27.605999999999998,0.12,0.12
13.11.2023 07:13:39.905 GMT-0800,27.634,27.616,0.12,0.12
13.11.2023 07:13:43.818 GMT-0800,27.633000000000003,27.607,0.12,0.12
13.11.2023 07:13:44.041 GMT-0800,27.633000000000003,27.616999999999997,0.12,0.12
13.11.2023 07:13:45.401 GMT-0800,27.623,27.607,0.12,0.12
13.11.2023 07:14:15.361 GMT-0800,27.634,27.616,0.12,0.12
13.11.2023 07:14:33.029 GMT-0800,27.644000000000002,27.616,0.12,0.12
13.11.2023 07:14:33.081 GMT-0800,27.644000000000002,27.626,0.12,0.12
13.11.2023 07:14:47.238 GMT-0800,27.653000000000002,27.627,0.12,0.12
13.11.2023 07:14:47.288 GMT-0800,27.644000000000002,27.626,0.12,0.12
13.11.2023 07:14:52.628 GMT-0800,27.654,27.636,0.12,0.12
13.11.2023 07:14:53.676 GMT-0800,27.664,27.646,0.12,0.12
13.11.2023 07:15:20.447 GMT-0800,27.674000000000003,27.656,0.12,0.12
13.11.2023 07:15:38.594 GMT-0800,27.664,27.646,0.12,0.12
13.11.2023 07:15:53.369 GMT-0800,27.653000000000002,27.637,0.12,0.12
13.11.2023 07:16:01.131 GMT-0800,27.653000000000002,27.627,0.12,0.12
13.11.2023 07:16:01.181 GMT-0800,27.644000000000002,27.626,0.12,0.12
13.11.2023 07:16:12.021 GMT-0800,27.653000000000002,27.637,0.12,0.12
13.11.2023 07:16:25.676 GMT-0800,27.653000000000002,27.627,0.12,0.12
13.11.2023 07:16:28.101 GMT-0800,27.653000000000002,27.637,0.12,0.12
13.11.2023 07:16:28.472 GMT-0800,27.654,27.626,0.12,0.12
13.11.2023 07:16:28.523 GMT-0800,27.644000000000002,27.626,0.12,0.12
13.11.2023 07:16:41.350 GMT-0800,27.643,27.616999999999997,0.12,0.12
13.11.2023 07:16:41.401 GMT-0800,27.634,27.616,0.12,0.12
13.11.2023 07:17:01.566 GMT-0800,27.643,27.627,0.12,0.12
13.11.2023 07:17:10.152 GMT-0800,27.654,27.626,0.12,0.12
13.11.2023 07:17:11.340 GMT-0800,27.653000000000002,27.637,0.12,0.12
13.11.2023 07:17:17.504 GMT-0800,27.643,27.627,0.12,0.12
13.11.2023 07:17:28.638 GMT-0800,27.633000000000003,27.616999999999997,0.12,0.12
13.11.2023 07:20:26.388 GMT-0800,27.624000000000002,27.605999999999998,0.12,0.12
13.11.2023 07:20:35.702 GMT-0800,27.633000000000003,27.607,0.12,0.12
13.11.2023 07:20:35.753 GMT-0800,27.634,27.616,0.12,0.12
13.11.2023 07:20:45.843 GMT-0800,27.643,27.627,0.12,0.12
13.11.2023 07:21:20.824 GMT-0800,27.644000000000002,27.616,0.12,0.12
13.11.2023 07:21:20.875 GMT-0800,27.634,27.616,0.12,0.12
13.11.2023 07:21:27.581 GMT-0800,27.624000000000002,27.605999999999998,0.12,0.12
13.11.2023 07:21:48.930 GMT-0800,27.613000000000003,27.596999999999998,0.12,0.12
13.11.2023 07:21:55.157 GMT-0800,27.623,27.607,0.12,0.12
13.11.2023 07:21:57.249 GMT-0800,27.634,27.616,0.12,0.12
13.11.2023 07:22:03.321 GMT-0800,27.644000000000002,27.616,0.12,0.12
13.11.2023 07:22:04.813 GMT-0800,27.633000000000003,27.616999999999997,0.12,0.12
13.11.2023 07:22:06.517 GMT-0800,27.644000000000002,27.626,0.12,0.12
13.11.2023 07:22:23.095 GMT-0800,27.644000000000002,27.616,0.12,0.12
13.11.2023 07:22:23.146 GMT-0800,27.633000000000003,27.616999999999997,0.12,0.12
13.11.2023 07:22:23.901 GMT-0800,27.644000000000002,27.626,0.12,0.12
13.11.2023 07:22:40.705 GMT-0800,27.653000000000002,27.637,0.12,0.12
13.11.2023 07:22:51.377 GMT-0800,27.654,27.626,0.12,0.12
13.11.2023 07:22:57.764 GMT-0800,27.643,27.627,0.12,0.12
13.11.2023 07:23:01.316 GMT-0800,27.644000000000002,27.616,0.12,0.12
13.11.2023 07:23:01.367 GMT-0800,27.633000000000003,27.616999999999997,0.12,0.12
13.11.2023 07:23:34.165 GMT-0800,27.623,27.607,0.12,0.12
13.11.2023 07:23:37.235 GMT-0800,27.613000000000003,27.596999999999998,0.12,0.12
13.11.2023 07:23:56.725 GMT-0800,27.604000000000003,27.586,0.12,0.12
13.11.2023 07:24:34.088 GMT-0800,27.593000000000004,27.576999999999998,0.12,0.12
13.11.2023 07:24:38.646 GMT-0800,27.604000000000003,27.586,0.12,0.12
13.11.2023 07:25:01.770 GMT-0800,27.594,27.576,0.12,0.12
13.11.2023 07:25:17.829 GMT-0800,27.593000000000004,27.567,0.12,0.12
13.11.2023 07:25:17.880 GMT-0800,27.583000000000002,27.567,0.12,0.12
13.11.2023 07:25:31.827 GMT-0800,27.593000000000004,27.576999999999998,0.12,0.12
13.11.2023 07:25:48.574 GMT-0800,27.584000000000003,27.566,0.12,0.12
13.11.2023 07:25:51.396 GMT-0800,27.594,27.576,0.12,0.12
13.11.2023 07:26:16.524 GMT-0800,27.584000000000003,27.566,0.12,0.12
13.11.2023 07:26:20.162 GMT-0800,27.594,27.566,0.12,0.12
13.11.2023 07:26:24.182 GMT-0800,27.583000000000002,27.567,0.12,0.12
13.11.2023 07:26:28.674 GMT-0800,27.574,27.556,0.12,0.12
13.11.2023 07:26:36.203 GMT-0800,27.563000000000002,27.546999999999997,0.12,0.12
13.11.2023 07:27:10.586 GMT-0800,27.554000000000002,27.536,0.12,0.12
13.11.2023 07:27:16.254 GMT-0800,27.564,27.546,0.12,0.12
13.11.2023 07:27:21.268 GMT-0800,27.574,27.556,0.12,0.12
13.11.2023 07:27:31.021 GMT-0800,27.584000000000003,27.566,0.12,0.12
13.11.2023 07:27:58.612 GMT-0800,27.583000000000002,27.557,0.12,0.12
13.11.2023 07:27:58.673 GMT-0800,27.574,27.556,0.12,0.12
13.11.2023 07:28:05.831 GMT-0800,27.583000000000002,27.567,0.12,0.12
13.11.2023 07:29:53.564 GMT-0800,27.583000000000002,27.557,0.12,0.12
13.11.2023 07:29:53.615 GMT-0800,27.583000000000002,27.567,0.12,0.12
13.11.2023 07:29:54.131 GMT-0800,27.574,27.556,0.12,0.12
13.11.2023 07:30:00.732 GMT-0800,27.564,27.546,0.12,0.12
13.11.2023 07:30:06.627 GMT-0800,27.564,27.536,0.12,0.12
13.11.2023 07:30:06.678 GMT-0800,27.553,27.537,0.12,0.12
13.11.2023 07:30:12.970 GMT-0800,27.553,27.526999999999997,0.12,0.12
13.11.2023 07:30:13.020 GMT-0800,27.543000000000003,27.526999999999997,0.12,0.12
13.11.2023 07:30:19.213 GMT-0800,27.553,27.526999999999997,0.12,0.12
13.11.2023 07:30:19.264 GMT-0800,27.553,27.537,0.12,0.12
13.11.2023 07:30:20.259 GMT-0800,27.564,27.546,0.12,0.12
13.11.2023 07:31:13.195 GMT-0800,27.574,27.556,0.12,0.12
13.11.2023 07:31:29.204 GMT-0800,27.564,27.546,0.12,0.12
13.11.2023 07:31:38.297 GMT-0800,27.563000000000002,27.537,0.12,0.12
13.11.2023 07:31:38.347 GMT-0800,27.553,27.537,0.12,0.12
13.11.2023 07:31:45.910 GMT-0800,27.564,27.546,0.12,0.12
13.11.2023 07:31:47.649 GMT-0800,27.574,27.546,0.12,0.12
13.11.2023 07:31:47.700 GMT-0800,27.573000000000004,27.557,0.12,0.12
13.11.2023 07:32:09.369 GMT-0800,27.584000000000003,27.566,0.12,0.12
13.11.2023 07:32:36.048 GMT-0800,27.584000000000003,27.556,0.12,0.12
13.11.2023 07:32:36.099 GMT-0800,27.584000000000003,27.566,0.12,0.12
13.11.2023 07:32:47.644 GMT-0800,27.594,27.576,0.12,0.12
13.11.2023 07:33:00.187 GMT-0800,27.583000000000002,27.567,0.12,0.12
13.11.2023 07:33:01.119 GMT-0800,27.594,27.576,0.12,0.12
13.11.2023 07:33:05.347 GMT-0800,27.604000000000003,27.586,0.12,0.12
13.11.2023 07:33:05.703 GMT-0800,27.594,27.576,0.12,0.12
13.11.2023 07:33:08.941 GMT-0800,27.604000000000003,27.586,0.12,0.12
13.11.2023 07:33:09.782 GMT-0800,27.594,27.576,0.12,0.12
13.11.2023 07:33:11.618 GMT-0800,27.603,27.576999999999998,0.12,0.12
13.11.2023 07:33:11.668 GMT-0800,27.594,27.576,0.12,0.12
13.11.2023 07:33:12.220 GMT-0800,27.604000000000003,27.586,0.12,0.12
13.11.2023 07:33:19.451 GMT-0800,27.594,27.576,0.12,0.12
13.11.2023 07:33:19.648 GMT-0800,27.603,27.587,0.12,0.12
13.11.2023 07:33:25.616 GMT-0800,27.613000000000003,27.587,0.12,0.12
13.11.2023 07:33:25.670 GMT-0800,27.614,27.596,0.12,0.12
13.11.2023 07:33:36.217 GMT-0800,27.623,27.607,0.12,0.12
13.11.2023 07:33:52.343 GMT-0800,27.623,27.596999999999998,0.12,0.12
13.11.2023 07:33:52.393 GMT-0800,27.614,27.596,0.12,0.12
13.11.2023 07:33:54.141 GMT-0800,27.604000000000003,27.586,0.12,0.12
13.11.2023 07:35:07.548 GMT-0800,27.613000000000003,27.596999999999998,0.12,0.12
13.11.2023 07:36:25.818 GMT-0800,27.624000000000002,27.605999999999998,0.12,0.12
13.11.2023 07:36:38.606 GMT-0800,27.613000000000003,27.596999999999998,0.12,0.12
13.11.2023 07:36:49.263 GMT-0800,27.623,27.596999999999998,0.12,0.12
13.11.2023 07:36:49.888 GMT-0800,27.623,27.607,0.12,0.12
13.11.2023 07:37:06.888 GMT-0800,27.633000000000003,27.616999999999997,0.12,0.12
13.11.2023 07:37:32.255 GMT-0800,27.623,27.607,0.12,0.12
13.11.2023 07:37:43.584 GMT-0800,27.633000000000003,27.607,0.12,0.12
13.11.2023 07:37:43.634 GMT-0800,27.633000000000003,27.616999999999997,0.12,0.12
13.11.2023 07:38:04.089 GMT-0800,27.634,27.605999999999998,0.12,0.12
13.11.2023 07:38:04.139 GMT-0800,27.614,27.596,0.12,0.12
13.11.2023 07:38:38.767 GMT-0800,27.624000000000002,27.605999999999998,0.12,0.12
13.11.2023 07:38:39.882 GMT-0800,27.614,27.596,0.12,0.12
13.11.2023 07:39:21.739 GMT-0800,27.604000000000003,27.586,0.12,0.12
13.11.2023 07:39:34.966 GMT-0800,27.604000000000003,27.576,0.12,0.12
13.11.2023 07:39:35.021 GMT-0800,27.593000000000004,27.576999999999998,0.12,0.12
13.11.2023 07:39:41.619 GMT-0800,27.604000000000003,27.586,0.12,0.12
13.11.2023 07:39:58.466 GMT-0800,27.594,27.576,0.12,0.12
13.11.2023 07:40:04.957 GMT-0800,27.604000000000003,27.586,0.12,0.12
13.11.2023 07:40:15.917 GMT-0800,27.614,27.586,0.12,0.12
13.11.2023 07:40:15.968 GMT-0800,27.614,27.596,0.12,0.12
13.11.2023 07:40:38.919 GMT-0800,27.614,27.586,0.12,0.12
13.11.2023 07:40:38.969 GMT-0800,27.603,27.587,0.12,0.12
13.11.2023 07:41:13.890 GMT-0800,27.613000000000003,27.587,0.12,0.12
13.11.2023 07:41:15.135 GMT-0800,27.613000000000003,27.596999999999998,0.12,0.12
13.11.2023 07:41:33.575 GMT-0800,27.623,27.607,0.12,0.12
13.11.2023 07:43:20.582 GMT-0800,27.633000000000003,27.607,0.12,0.12
13.11.2023 07:43:20.633 GMT-0800,27.633000000000003,27.616999999999997,0.12,0.12
13.11.2023 07:43:34.956 GMT-0800,27.633000000000003,27.607,0.12,0.12
13.11.2023 07:43:35.062 GMT-0800,27.634,27.616,0.12,0.12
13.11.2023 07:44:16.531 GMT-0800,27.644000000000002,27.616,0.12,0.12
13.11.2023 07:44:16.582 GMT-0800,27.643,27.627,0.12,0.12
13.11.2023 07:44:19.753 GMT-0800,27.644000000000002,27.616,0.12,0.12
13.11.2023 07:44:19.803 GMT-0800,27.634,27.616,0.12,0.12
13.11.2023 07:44:35.246 GMT-0800,27.643,27.627,0.12,0.12
13.11.2023 07:44:54.778 GMT-0800,27.644000000000002,27.616,0.12,0.12
13.11.2023 07:44:54.829 GMT-0800,27.634,27.616,0.12,0.12
13.11.2023 07:45:12.999 GMT-0800,27.643,27.627,0.12,0.12
13.11.2023 07:45:25.130 GMT-0800,27.634,27.616,0.12,0.12
13.11.2023 07:45:36.058 GMT-0800,27.643,27.616999999999997,0.12,0.12
13.11.2023 07:45:36.109 GMT-0800,27.643,27.627,0.12,0.12
13.11.2023 07:45:54.925 GMT-0800,27.653000000000002,27.627,0.12,0.12
13.11.2023 07:45:55.239 GMT-0800,27.654,27.636,0.12,0.12
13.11.2023 07:46:04.619 GMT-0800,27.663000000000004,27.637,0.12,0.12
13.11.2023 07:46:04.669 GMT-0800,27.664,27.646,0.12,0.12
13.11.2023 07:46:18.229 GMT-0800,27.653000000000002,27.637,0.12,0.12
13.11.2023 07:46:22.487 GMT-0800,27.654,27.626,0.12,0.12
13.11.2023 07:46:22.538 GMT-0800,27.644000000000002,27.626,0.12,0.12
13.11.2023 07:46:26.001 GMT-0800,27.634,27.616,0.12,0.12
13.11.2023 07:46:51.592 GMT-0800,27.644000000000002,27.616,0.12,0.12
13.11.2023 07:46:51.642 GMT-0800,27.644000000000002,27.626,0.12,0.12
13.11.2023 07:46:54.583 GMT-0800,27.654,27.636,0.12,0.12
13.11.2023 07:48:02.660 GMT-0800,27.653000000000002,27.627,0.12,0.12
13.11.2023 07:48:02.711 GMT-0800,27.644000000000002,27.626,0.12,0.12
13.11.2023 07:48:04.293 GMT-0800,27.634,27.616,0.12,0.12
13.11.2023 07:48:06.479 GMT-0800,27.624000000000002,27.605999999999998,0.12,0.12
13.11.2023 07:48:20.616 GMT-0800,27.633000000000003,27.616999999999997,0.12,0.12
13.11.2023 07:48:33.161 GMT-0800,27.644000000000002,27.626,0.12,0.12
13.11.2023 07:48:55.602 GMT-0800,27.653000000000002,27.637,0.12,0.12
13.11.2023 07:49:30.107 GMT-0800,27.643,27.627,0.12,0.12
13.11.2023 07:50:01.782 GMT-0800,27.653000000000002,27.637,0.12,0.12
13.11.2023 07:50:28.235 GMT-0800,27.664,27.646,0.12,0.12
13.11.2023 07:50:57.751 GMT-0800,27.673000000000002,27.647,0.12,0.12
13.11.2023 07:50:57.802 GMT-0800,27.673000000000002,27.657,0.12,0.12
13.11.2023 07:51:04.208 GMT-0800,27.684,27.666,0.12,0.12
13.11.2023 07:52:03.592 GMT-0800,27.694000000000003,27.666,0.12,0.12
13.11.2023 07:52:04.149 GMT-0800,27.683000000000003,27.666999999999998,0.12,0.12
13.11.2023 07:52:17.758 GMT-0800,27.694000000000003,27.676,0.12,0.12
13.11.2023 07:52:41.756 GMT-0800,27.703000000000003,27.686999999999998,0.12,0.12
13.11.2023 07:52:58.423 GMT-0800,27.694000000000003,27.676,0.12,0.12
13.11.2023 07:53:07.922 GMT-0800,27.704,27.676,0.12,0.12
13.11.2023 07:53:08.060 GMT-0800,27.703000000000003,27.686999999999998,0.12,0.12
13.11.2023 07:54:36.248 GMT-0800,27.693,27.677,0.12,0.12
13.11.2023 07:54:38.099 GMT-0800,27.704,27.676,0.12,0.12
13.11.2023 07:54:38.518 GMT-0800,27.703000000000003,27.686999999999998,0.12,0.12
13.11.2023 07:54:59.778 GMT-0800,27.703000000000003,27.677,0.12,0.12
13.11.2023 07:55:00.013 GMT-0800,27.694000000000003,27.676,0.12,0.12
13.11.2023 07:56:06.159 GMT-0800,27.683000000000003,27.666999999999998,0.12,0.12
13.11.2023 07:56:13.733 GMT-0800,27.693,27.677,0.12,0.12
13.11.2023 07:56:20.365 GMT-0800,27.693,27.666999999999998,0.12,0.12
13.11.2023 07:56:20.416 GMT-0800,27.684,27.666,0.12,0.12
13.11.2023 07:56:47.941 GMT-0800,27.693,27.677,0.12,0.12
13.11.2023 07:57:36.494 GMT-0800,27.684,27.666,0.12,0.12
13.11.2023 07:57:38.552 GMT-0800,27.693,27.677,0.12,0.12
13.11.2023 07:57:45.391 GMT-0800,27.704,27.676,0.12,0.12
13.11.2023 07:57:45.441 GMT-0800,27.694000000000003,27.676,0.12,0.12
13.11.2023 07:58:13.555 GMT-0800,27.693,27.666999999999998,0.12,0.12
13.11.2023 07:58:13.605 GMT-0800,27.683000000000003,27.666999999999998,0.12,0.12
13.11.2023 07:58:38.803 GMT-0800,27.673000000000002,27.657,0.12,0.12
13.11.2023 07:59:23.312 GMT-0800,27.684,27.656,0.12,0.12
13.11.2023 07:59:23.362 GMT-0800,27.684,27.666,0.12,0.12
13.11.2023 07:59:27.439 GMT-0800,27.683000000000003,27.657,0.12,0.12
13.11.2023 07:59:27.490 GMT-0800,27.673000000000002,27.657,0.12,0.12
13.11.2023 08:00:12.250 GMT-0800,27.663000000000004,27.647,0.12,0.12
13.11.2023 08:01:11.063 GMT-0800,27.674000000000003,27.656,0.12,0.12
13.11.2023 08:02:01.019 GMT-0800,27.663000000000004,27.647,0.12,0.12
13.11.2023 08:02:13.643 GMT-0800,27.663000000000004,27.637,0.12,0.12
13.11.2023 08:02:13.694 GMT-0800,27.654,27.636,0.12,0.12
13.11.2023 08:02:15.380 GMT-0800,27.644000000000002,27.626,0.12,0.12
13.11.2023 08:02:16.144 GMT-0800,27.654,27.636,0.12,0.12
13.11.2023 08:02:28.621 GMT-0800,27.644000000000002,27.626,0.12,0.12
13.11.2023 08:02:41.412 GMT-0800,27.654,27.636,0.12,0.12
13.11.2023 08:02:44.678 GMT-0800,27.653000000000002,27.627,0.12,0.12
13.11.2023 08:02:44.728 GMT-0800,27.643,27.627,0.12,0.12
13.11.2023 08:02:56.580 GMT-0800,27.653000000000002,27.637,0.12,0.12
13.11.2023 08:03:26.231 GMT-0800,27.664,27.636,0.12,0.12
13.11.2023 08:03:26.281 GMT-0800,27.664,27.646,0.12,0.12
13.11.2023 08:04:01.846 GMT-0800,27.673000000000002,27.647,0.12,0.12
13.11.2023 08:04:01.897 GMT-0800,27.674000000000003,27.656,0.12,0.12
13.11.2023 08:04:02.352 GMT-0800,27.673000000000002,27.647,0.12,0.12
13.11.2023 08:04:02.403 GMT-0800,27.663000000000004,27.647,0.12,0.12
13.11.2023 08:04:56.351 GMT-0800,27.653000000000002,27.637,0.12,0.12
13.11.2023 08:04:56.751 GMT-0800,27.663000000000004,27.647,0.12,0.12
13.11.2023 08:05:09.720 GMT-0800,27.654,27.636,0.12,0.12
13.11.2023 08:05:14.175 GMT-0800,27.643,27.627,0.12,0.12
13.11.2023 08:06:07.719 GMT-0800,27.644000000000002,27.616,0.12,0.12
13.11.2023 08:06:07.770 GMT-0800,27.634,27.616,0.12,0.12
13.11.2023 08:06:08.074 GMT-0800,27.644000000000002,27.616,0.12,0.12
13.11.2023 08:06:11.022 GMT-0800,27.643,27.627,0.12,0.12
13.11.2023 08:06:30.722 GMT-0800,27.654,27.636,0.12,0.12
13.11.2023 08:07:06.358 GMT-0800,27.663000000000004,27.647,0.12,0.12
13.11.2023 08:07:16.074 GMT-0800,27.654,27.636,0.12,0.12
13.11.2023 08:07:57.118 GMT-0800,27.663000000000004,27.647,0.12,0.12
13.11.2023 08:08:08.406 GMT-0800,27.673000000000002,27.647,0.12,0.12
13.11.2023 08:08:08.536 GMT-0800,27.663000000000004,27.647,0.12,0.12
13.11.2023 08:08:45.351 GMT-0800,27.673000000000002,27.657,0.12,0.12
13.11.2023 08:09:02.947 GMT-0800,27.663000000000004,27.647,0.12,0.12
13.11.2023 08:09:17.883 GMT-0800,27.663000000000004,27.637,0.12,0.12
13.11.2023 08:09:18.187 GMT-0800,27.654,27.636,0.12,0.12
13.11.2023 08:09:22.606 GMT-0800,27.644000000000002,27.626,0.12,0.12
13.11.2023 08:09:34.041 GMT-0800,27.633000000000003,27.616999999999997,0.12,0.12
13.11.2023 08:10:11.831 GMT-0800,27.643,27.616999999999997,0.12,0.12
13.11.2023 08:10:11.881 GMT-0800,27.644000000000002,27.626,0.12,0.12
13.11.2023 08:11:09.768 GMT-0800,27.654,27.626,0.12,0.12
13.11.2023 08:11:09.818 GMT-0800,27.654,27.636,0.12,0.12
13.11.2023 08:11:56.470 GMT-0800,27.663000000000004,27.647,0.12,0.12
13.11.2023 08:12:31.088 GMT-0800,27.674000000000003,27.656,0.12,0.12
13.11.2023 08:13:54.553 GMT-0800,27.684,27.656,0.12,0.12
13.11.2023 08:13:54.729 GMT-0800,27.684,27.666,0.12,0.12
13.11.2023 08:14:02.743 GMT-0800,27.694000000000003,27.676,0.12,0.12
13.11.2023 08:14:14.880 GMT-0800,27.684,27.666,0.12,0.12
13.11.2023 08:14:24.494 GMT-0800,27.694000000000003,27.676,0.12,0.12
13.11.2023 08:16:16.564 GMT-0800,27.693,27.666999999999998,0.12,0.12
13.11.2023 08:16:16.665 GMT-0800,27.683000000000003,27.666999999999998,0.12,0.12
13.11.2023 08:16:16.947 GMT-0800,27.683000000000003,27.657,0.12,0.12
13.11.2023 08:16:17.015 GMT-0800,27.684,27.666,0.12,0.12
13.11.2023 08:16:17.126 GMT-0800,27.673000000000002,27.657,0.12,0.12
13.11.2023 08:16:17.354 GMT-0800,27.663000000000004,27.647,0.12,0.12
13.11.2023 08:17:06.892 GMT-0800,27.674000000000003,27.646,0.12,0.12
13.11.2023 08:17:06.943 GMT-0800,27.674000000000003,27.656,0.12,0.12
13.11.2023 08:17:16.653 GMT-0800,27.683000000000003,27.657,0.12,0.12
13.11.2023 08:17:16.704 GMT-0800,27.683000000000003,27.666999999999998,0.12,0.12
13.11.2023 08:17:23.839 GMT-0800,27.693,27.666999999999998,0.12,0.12
13.11.2023 08:17:23.890 GMT-0800,27.693,27.677,0.12,0.12
13.11.2023 08:17:36.122 GMT-0800,27.693,27.666999999999998,0.12,0.12
13.11.2023 08:17:36.173 GMT-0800,27.684,27.666,0.12,0.12
13.11.2023 08:17:39.948 GMT-0800,27.683000000000003,27.657,0.12,0.12
13.11.2023 08:17:39.999 GMT-0800,27.673000000000002,27.657,0.12,0.12
13.11.2023 08:17:53.918 GMT-0800,27.684,27.666,0.12,0.12
13.11.2023 08:20:24.460 GMT-0800,27.683000000000003,27.657,0.12,0.12
13.11.2023 08:20:24.511 GMT-0800,27.674000000000003,27.656,0.12,0.12
13.11.2023 08:20:31.136 GMT-0800,27.683000000000003,27.657,0.12,0.12
13.11.2023 08:20:31.186 GMT-0800,27.683000000000003,27.666999999999998,0.12,0.12
13.11.2023 08:21:07.014 GMT-0800,27.673000000000002,27.657,0.12,0.12
13.11.2023 08:21:14.495 GMT-0800,27.684,27.666,0.12,0.12
13.11.2023 08:22:11.231 GMT-0800,27.694000000000003,27.666,0.12,0.12
13.11.2023 08:22:11.281 GMT-0800,27.694000000000003,27.676,0.12,0.12
13.11.2023 08:22:43.543 GMT-0800,27.704,27.686,0.12,0.12
13.11.2023 08:22:55.280 GMT-0800,27.714000000000002,27.686,0.12,0.12
13.11.2023 08:22:58.840 GMT-0800,27.714000000000002,27.695999999999998,0.12,0.12
13.11.2023 08:24:21.639 GMT-0800,27.724,27.695999999999998,0.12,0.12
13.11.2023 08:24:21.690 GMT-0800,27.724,27.706,0.12,0.12
13.11.2023 08:24:57.155 GMT-0800,27.734,27.706,0.12,0.12
13.11.2023 08:24:57.206 GMT-0800,27.733000000000004,27.717,0.12,0.12
13.11.2023 08:25:16.006 GMT-0800,27.744,27.726,0.12,0.12
13.11.2023 08:26:11.302 GMT-0800,27.754,27.726,0.12,0.12
13.11.2023 08:26:11.353 GMT-0800,27.754,27.736,0.12,0.12
13.11.2023 08:26:33.386 GMT-0800,27.743000000000002,27.727,0.12,0.12
13.11.2023 08:26:33.437 GMT-0800,27.744,27.716,0.12,0.12
13.11.2023 08:26:33.487 GMT-0800,27.734,27.716,0.12,0.12
13.11.2023 08:26:40.013 GMT-0800,27.743000000000002,27.727,0.12,0.12
13.11.2023 08:26:45.818 GMT-0800,27.754,27.736,0.12,0.12
13.11.2023 08:27:13.445 GMT-0800,27.753000000000004,27.727,0.12,0.12
13.11.2023 08:27:14.206 GMT-0800,27.743000000000002,27.727,0.12,0.12
13.11.2023 08:28:18.605 GMT-0800,27.754,27.736,0.12,0.12
13.11.2023 08:28:35.358 GMT-0800,27.763,27.747,0.12,0.12
13.11.2023 08:28:51.610 GMT-0800,27.773000000000003,27.756999999999998,0.12,0.12
13.11.2023 08:29:40.169 GMT-0800,27.763,27.747,0.12,0.12
13.11.2023 08:29:44.810 GMT-0800,27.773000000000003,27.747,0.12,0.12
13.11.2023 08:29:45.272 GMT-0800,27.763,27.747,0.12,0.12
13.11.2023 08:29:46.589 GMT-0800,27.773000000000003,27.747,0.12,0.12
13.11.2023 08:29:47.393 GMT-0800,27.773000000000003,27.756999999999998,0.12,0.12
13.11.2023 08:30:21.634 GMT-0800,27.763,27.747,0.12,0.12
13.11.2023 08:30:35.523 GMT-0800,27.773000000000003,27.756999999999998,0.12,0.12
13.11.2023 08:30:50.259 GMT-0800,27.764000000000003,27.746,0.12,0.12
13.11.2023 08:30:54.157 GMT-0800,27.773000000000003,27.756999999999998,0.12,0.12
13.11.2023 08:31:01.171 GMT-0800,27.764000000000003,27.746,0.12,0.12
13.11.2023 08:31:02.733 GMT-0800,27.773000000000003,27.756999999999998,0.12,0.12
13.11.2023 08:31:25.901 GMT-0800,27.784000000000002,27.766,0.12,0.12
13.11.2023 08:31:29.809 GMT-0800,27.793000000000003,27.776999999999997,0.12,0.12
13.11.2023 08:32:15.083 GMT-0800,27.784000000000002,27.766,0.12,0.12
13.11.2023 08:32:36.630 GMT-0800,27.793000000000003,27.776999999999997,0.12,0.12
13.11.2023 08:32:47.196 GMT-0800,27.783,27.767,0.12,0.12
13.11.2023 08:32:50.826 GMT-0800,27.773000000000003,27.756999999999998,0.12,0.12
13.11.2023 08:33:16.550 GMT-0800,27.763,27.747,0.12,0.12
13.11.2023 08:34:06.532 GMT-0800,27.754,27.736,0.12,0.12
13.11.2023 08:34:09.633 GMT-0800,27.763,27.747,0.12,0.12
13.11.2023 08:34:10.888 GMT-0800,27.753000000000004,27.737,0.12,0.12
13.11.2023 08:34:39.841 GMT-0800,27.744,27.726,0.12,0.12
13.11.2023 08:35:07.458 GMT-0800,27.734,27.716,0.12,0.12
13.11.2023 08:35:09.391 GMT-0800,27.743000000000002,27.727,0.12,0.12
13.11.2023 08:35:11.065 GMT-0800,27.733000000000004,27.717,0.12,0.12
13.11.2023 08:35:16.032 GMT-0800,27.724,27.706,0.12,0.12
13.11.2023 08:35:16.290 GMT-0800,27.734,27.716,0.12,0.12
13.11.2023 08:35:17.283 GMT-0800,27.723000000000003,27.706999999999997,0.12,0.12
13.11.2023 08:35:19.374 GMT-0800,27.713,27.697,0.12,0.12
13.11.2023 08:35:21.862 GMT-0800,27.703000000000003,27.686999999999998,0.12,0.12
13.11.2023 08:35:29.541 GMT-0800,27.694000000000003,27.676,0.12,0.12
13.11.2023 08:35:43.465 GMT-0800,27.684,27.666,0.12,0.12
13.11.2023 08:35:43.667 GMT-0800,27.674000000000003,27.656,0.12,0.12
13.11.2023 08:35:45.106 GMT-0800,27.684,27.656,0.12,0.12
13.11.2023 08:35:45.466 GMT-0800,27.674000000000003,27.656,0.12,0.12
13.11.2023 08:35:47.259 GMT-0800,27.684,27.666,0.12,0.12
13.11.2023 08:35:47.360 GMT-0800,27.673000000000002,27.657,0.12,0.12
13.11.2023 08:35:47.463 GMT-0800,27.663000000000004,27.647,0.12,0.12
13.11.2023 08:35:47.718 GMT-0800,27.653000000000002,27.637,0.12,0.12
13.11.2023 08:35:52.567 GMT-0800,27.643,27.627,0.12,0.12
13.11.2023 08:35:52.618 GMT-0800,27.644000000000002,27.616,0.12,0.12
13.11.2023 08:35:52.669 GMT-0800,27.634,27.616,0.12,0.12
13.11.2023 08:35:53.804 GMT-0800,27.623,27.607,0.12,0.12
13.11.2023 08:35:53.905 GMT-0800,27.614,27.596,0.12,0.12
13.11.2023 08:36:00.104 GMT-0800,27.623,27.607,0.12,0.12
13.11.2023 08:36:02.706 GMT-0800,27.623,27.596999999999998,0.12,0.12
13.11.2023 08:36:02.756 GMT-0800,27.614,27.596,0.12,0.12
13.11.2023 08:36:02.807 GMT-0800,27.604000000000003,27.576,0.12,0.12
13.11.2023 08:36:02.857 GMT-0800,27.593000000000004,27.576999999999998,0.12,0.12
13.11.2023 08:36:04.090 GMT-0800,27.603,27.587,0.12,0.12
13.11.2023 08:36:04.292 GMT-0800,27.613000000000003,27.596999999999998,0.12,0.12
13.11.2023 08:36:04.494 GMT-0800,27.603,27.587,0.12,0.12
13.11.2023 08:36:08.370 GMT-0800,27.613000000000003,27.596999999999998,0.12,0.12
13.11.2023 08:36:09.746 GMT-0800,27.624000000000002,27.596,0.12,0.12
13.11.2023 08:36:09.796 GMT-0800,27.623,27.607,0.12,0.12
13.11.2023 08:36:16.310 GMT-0800,27.634,27.616,0.12,0.12
13.11.2023 08:36:16.439 GMT-0800,27.644000000000002,27.626,0.12,0.12
13.11.2023 08:36:38.182 GMT-0800,27.653000000000002,27.627,0.12,0.12
13.11.2023 08:36:38.232 GMT-0800,27.653000000000002,27.637,0.12,0.12
13.11.2023 08:36:42.068 GMT-0800,27.664,27.636,0.12,0.12
13.11.2023 08:36:42.119 GMT-0800,27.663000000000004,27.647,0.12,0.12
13.11.2023 08:36:43.116 GMT-0800,27.674000000000003,27.646,0.12,0.12
13.11.2023 08:36:43.494 GMT-0800,27.673000000000002,27.657,0.12,0.12
13.11.2023 08:36:46.731 GMT-0800,27.663000000000004,27.647,0.12,0.12
13.11.2023 08:36:51.051 GMT-0800,27.673000000000002,27.657,0.12,0.12
13.11.2023 08:36:53.455 GMT-0800,27.684,27.666,0.12,0.12
13.11.2023 08:36:57.646 GMT-0800,27.683000000000003,27.657,0.12,0.12
13.11.2023 08:36:57.696 GMT-0800,27.673000000000002,27.657,0.12,0.12
13.11.2023 08:37:09.925 GMT-0800,27.683000000000003,27.666999999999998,0.12,0.12
13.11.2023 08:37:15.269 GMT-0800,27.673000000000002,27.657,0.12,0.12
13.11.2023 08:37:18.673 GMT-0800,27.664,27.646,0.12,0.12
13.11.2023 08:37:19.156 GMT-0800,27.663000000000004,27.637,0.12,0.12
13.11.2023 08:37:19.238 GMT-0800,27.663000000000004,27.647,0.12,0.12
13.11.2023 08:37:19.439 GMT-0800,27.663000000000004,27.637,0.12,0.12
13.11.2023 08:37:19.890 GMT-0800,27.664,27.646,0.12,0.12
13.11.2023 08:37:27.837 GMT-0800,27.663000000000004,27.637,0.12,0.12
13.11.2023 08:37:27.895 GMT-0800,27.663000000000004,27.647,0.12,0.12
13.11.2023 08:37:35.267 GMT-0800,27.663000000000004,27.637,0.12,0.12
13.11.2023 08:37:35.317 GMT-0800,27.654,27.636,0.12,0.12
13.11.2023 08:37:40.483 GMT-0800,27.663000000000004,27.637,0.12,0.12
13.11.2023 08:37:40.534 GMT-0800,27.663000000000004,27.647,0.12,0.12
13.11.2023 08:37:55.924 GMT-0800,27.654,27.636,0.12,0.12
13.11.2023 08:38:04.585 GMT-0800,27.664,27.636,0.12,0.12
13.11.2023 08:38:04.635 GMT-0800,27.664,27.646,0.12,0.12
13.11.2023 08:38:19.864 GMT-0800,27.653000000000002,27.637,0.12,0.12
13.11.2023 08:38:35.637 GMT-0800,27.663000000000004,27.647,0.12,0.12
13.11.2023 08:38:47.120 GMT-0800,27.663000000000004,27.637,0.12,0.12
13.11.2023 08:38:47.170 GMT-0800,27.654,27.636,0.12,0.12
13.11.2023 08:38:53.030 GMT-0800,27.663000000000004,27.647,0.12,0.12
13.11.2023 08:38:54.847 GMT-0800,27.673000000000002,27.657,0.12,0.12
13.11.2023 08:38:58.376 GMT-0800,27.663000000000004,27.647,0.12,0.12
13.11.2023 08:39:15.675 GMT-0800,27.673000000000002,27.647,0.12,0.12
13.11.2023 08:39:15.776 GMT-0800,27.663000000000004,27.647,0.12,0.12
13.11.2023 08:40:09.298 GMT-0800,27.673000000000002,27.647,0.12,0.12
13.11.2023 08:40:09.450 GMT-0800,27.664,27.646,0.12,0.12
13.11.2023 08:41:40.575 GMT-0800,27.674000000000003,27.656,0.12,0.12
13.11.2023 08:42:03.750 GMT-0800,27.664,27.646,0.12,0.12
13.11.2023 08:42:44.648 GMT-0800,27.673000000000002,27.657,0.12,0.12
13.11.2023 08:43:17.895 GMT-0800,27.684,27.666,0.12,0.12
13.11.2023 08:43:18.269 GMT-0800,27.693,27.666999999999998,0.12,0.12
13.11.2023 08:43:18.319 GMT-0800,27.693,27.677,0.12,0.12
13.11.2023 08:43:18.553 GMT-0800,27.693,27.666999999999998,0.12,0.12
13.11.2023 08:43:20.275 GMT-0800,27.694000000000003,27.676,0.12,0.12
13.11.2023 08:43:27.032 GMT-0800,27.704,27.686,0.12,0.12
13.11.2023 08:43:32.365 GMT-0800,27.713,27.697,0.12,0.12
13.11.2023 08:43:37.895 GMT-0800,27.724,27.706,0.12,0.12
13.11.2023 08:43:38.855 GMT-0800,27.713,27.697,0.12,0.12
13.11.2023 08:43:44.414 GMT-0800,27.724,27.695999999999998,0.12,0.12
13.11.2023 08:43:44.559 GMT-0800,27.724,27.706,0.12,0.12
13.11.2023 08:43:53.164 GMT-0800,27.733000000000004,27.717,0.12,0.12
13.11.2023 08:44:01.903 GMT-0800,27.723000000000003,27.706999999999997,0.12,0.12
13.11.2023 08:44:03.648 GMT-0800,27.733000000000004,27.717,0.12,0.12
13.11.2023 08:45:03.813 GMT-0800,27.743000000000002,27.717,0.12,0.12
13.11.2023 08:45:03.863 GMT-0800,27.734,27.716,0.12,0.12
13.11.2023 08:45:11.004 GMT-0800,27.743000000000002,27.717,0.12,0.12
13.11.2023 08:45:12.231 GMT-0800,27.734,27.716,0.12,0.12
13.11.2023 08:45:23.048 GMT-0800,27.744,27.726,0.12,0.12
13.11.2023 08:45:23.252 GMT-0800,27.743000000000002,27.717,0.12,0.12
13.11.2023 08:45:23.303 GMT-0800,27.733000000000004,27.717,0.12,0.12
13.11.2023 08:45:40.538 GMT-0800,27.743000000000002,27.717,0.12,0.12
13.11.2023 08:45:40.589 GMT-0800,27.733000000000004,27.717,0.12,0.12
13.11.2023 08:45:51.334 GMT-0800,27.743000000000002,27.727,0.12,0.12
13.11.2023 08:45:55.070 GMT-0800,27.753000000000004,27.737,0.12,0.12
13.11.2023 08:46:06.695 GMT-0800,27.764000000000003,27.746,0.12,0.12
13.11.2023 08:46:31.807 GMT-0800,27.774,27.756,0.12,0.12
13.11.2023 08:46:52.433 GMT-0800,27.783,27.767,0.12,0.12
13.11.2023 08:46:54.167 GMT-0800,27.784000000000002,27.756,0.12,0.12
13.11.2023 08:46:54.218 GMT-0800,27.773000000000003,27.756999999999998,0.12,0.12
13.11.2023 08:47:03.690 GMT-0800,27.763,27.747,0.12,0.12
13.11.2023 08:47:09.317 GMT-0800,27.764000000000003,27.736,0.12,0.12
13.11.2023 08:47:09.367 GMT-0800,27.754,27.736,0.12,0.12
13.11.2023 08:47:17.348 GMT-0800,27.764000000000003,27.746,0.12,0.12
13.11.2023 08:47:22.139 GMT-0800,27.774,27.756,0.12,0.12
13.11.2023 08:47:46.875 GMT-0800,27.784000000000002,27.766,0.12,0.12
13.11.2023 08:47:47.275 GMT-0800,27.793000000000003,27.776999999999997,0.12,0.12
13.11.2023 08:47:48.270 GMT-0800,27.803,27.776999999999997,0.12,0.12
13.11.2023 08:47:48.321 GMT-0800,27.794,27.776,0.12,0.12
13.11.2023 08:48:00.030 GMT-0800,27.783,27.767,0.12,0.12
13.11.2023 08:48:39.003 GMT-0800,27.773000000000003,27.756999999999998,0.12,0.12
13.11.2023 08:48:54.124 GMT-0800,27.763,27.747,0.12,0.12
13.11.2023 08:49:11.573 GMT-0800,27.763,27.737,0.12,0.12
13.11.2023 08:49:11.624 GMT-0800,27.753000000000004,27.737,0.12,0.12
13.11.2023 08:49:12.272 GMT-0800,27.744,27.726,0.12,0.12
13.11.2023 08:49:38.731 GMT-0800,27.733000000000004,27.717,0.12,0.12
13.11.2023 08:49:49.054 GMT-0800,27.743000000000002,27.727,0.12,0.12
13.11.2023 08:49:53.516 GMT-0800,27.733000000000004,27.717,0.12,0.12
13.11.2023 08:49:56.516 GMT-0800,27.744,27.726,0.12,0.12
13.11.2023 08:50:09.535 GMT-0800,27.754,27.736,0.12,0.12
13.11.2023 08:50:40.209 GMT-0800,27.743000000000002,27.727,0.12,0.12
13.11.2023 08:50:46.532 GMT-0800,27.754,27.726,0.12,0.12
13.11.2023 08:50:46.870 GMT-0800,27.743000000000002,27.727,0.12,0.12
13.11.2023 08:50:48.346 GMT-0800,27.753000000000004,27.727,0.12,0.12
13.11.2023 08:50:48.397 GMT-0800,27.754,27.736,0.12,0.12
13.11.2023 08:50:49.504 GMT-0800,27.764000000000003,27.746,0.12,0.12
13.11.2023 08:51:00.967 GMT-0800,27.754,27.736,0.12,0.12
13.11.2023 08:51:11.830 GMT-0800,27.764000000000003,27.746,0.12,0.12
13.11.2023 08:51:29.655 GMT-0800,27.774,27.756,0.12,0.12
13.11.2023 08:52:05.361 GMT-0800,27.784000000000002,27.756,0.12,0.12
13.11.2023 08:52:05.412 GMT-0800,27.784000000000002,27.766,0.12,0.12
13.11.2023 08:52:17.586 GMT-0800,27.773000000000003,27.756999999999998,0.12,0.12
13.11.2023 08:53:37.538 GMT-0800,27.763,27.747,0.12,0.12
13.11.2023 08:53:53.779 GMT-0800,27.773000000000003,27.756999999999998,0.12,0.12
13.11.2023 08:54:23.327 GMT-0800,27.783,27.767,0.12,0.12
13.11.2023 08:54:37.329 GMT-0800,27.774,27.756,0.12,0.12
13.11.2023 08:55:09.630 GMT-0800,27.764000000000003,27.746,0.12,0.12
13.11.2023 08:55:46.265 GMT-0800,27.774,27.756,0.12,0.12
13.11.2023 08:56:06.271 GMT-0800,27.784000000000002,27.766,0.12,0.12
13.11.2023 08:56:31.198 GMT-0800,27.794,27.776,0.12,0.12
13.11.2023 08:56:34.588 GMT-0800,27.794,27.766,0.12,0.12
13.11.2023 08:56:34.639 GMT-0800,27.784000000000002,27.766,0.12,0.12
13.11.2023 08:56:51.969 GMT-0800,27.773000000000003,27.756999999999998,0.12,0.12
13.11.2023 08:57:00.409 GMT-0800,27.764000000000003,27.746,0.12,0.12
13.11.2023 08:57:03.187 GMT-0800,27.774,27.746,0.12,0.12
13.11.2023 08:57:03.237 GMT-0800,27.773000000000003,27.756999999999998,0.12,0.12
13.11.2023 08:57:47.676 GMT-0800,27.784000000000002,27.756,0.12,0.12
13.11.2023 08:57:47.729 GMT-0800,27.783,27.767,0.12,0.12
13.11.2023 08:58:05.212 GMT-0800,27.794,27.776,0.12,0.12
13.11.2023 08:58:35.986 GMT-0800,27.793000000000003,27.767,0.12,0.12
13.11.2023 08:58:36.037 GMT-0800,27.783,27.767,0.12,0.12
13.11.2023 08:59:48.317 GMT-0800,27.793000000000003,27.776999999999997,0.12,0.12
13.11.2023 08:59:51.111 GMT-0800,27.793000000000003,27.767,0.12,0.12
13.11.2023 08:59:51.161 GMT-0800,27.784000000000002,27.766,0.12,0.12
13.11.2023 09:00:01.586 GMT-0800,27.794,27.776,0.12,0.12
13.11.2023 09:00:19.942 GMT-0800,27.803,27.787,0.12,0.12
13.11.2023 09:00:25.984 GMT-0800,27.793000000000003,27.776999999999997,0.12,0.12
13.11.2023 09:00:30.903 GMT-0800,27.793000000000003,27.767,0.12,0.12
13.11.2023 09:00:30.953 GMT-0800,27.784000000000002,27.766,0.12,0.12
13.11.2023 09:00:35.012 GMT-0800,27.793000000000003,27.776999999999997,0.12,0.12
13.11.2023 09:01:16.631 GMT-0800,27.803,27.787,0.12,0.12
13.11.2023 09:01:46.991 GMT-0800,27.814,27.796,0.12,0.12
13.11.2023 09:02:06.204 GMT-0800,27.803,27.787,0.12,0.12
13.11.2023 09:02:58.116 GMT-0800,27.793000000000003,27.776999999999997,0.12,0.12
13.11.2023 09:03:10.872 GMT-0800,27.803,27.787,0.12,0.12
13.11.2023 09:03:14.117 GMT-0800,27.814,27.796,0.12,0.12
13.11.2023 09:03:17.842 GMT-0800,27.823000000000004,27.796999999999997,0.12,0.12
13.11.2023 09:03:17.893 GMT-0800,27.813000000000002,27.796999999999997,0.12,0.12
13.11.2023 09:03:53.587 GMT-0800,27.823000000000004,27.807,0.12,0.12
13.11.2023 09:04:01.633 GMT-0800,27.834000000000003,27.806,0.12,0.12
13.11.2023 09:04:01.801 GMT-0800,27.823000000000004,27.807,0.12,0.12
13.11.2023 09:04:03.566 GMT-0800,27.833000000000002,27.817,0.12,0.12
13.11.2023 09:04:07.368 GMT-0800,27.834000000000003,27.806,0.12,0.12
13.11.2023 09:04:07.419 GMT-0800,27.824,27.806,0.12,0.12
13.11.2023 09:04:20.364 GMT-0800,27.824,27.796,0.12,0.12
13.11.2023 09:04:20.415 GMT-0800,27.813000000000002,27.796999999999997,0.12,0.12
13.11.2023 09:04:54.461 GMT-0800,27.814,27.786,0.12,0.12
13.11.2023 09:04:54.512 GMT-0800,27.813000000000002,27.796999999999997,0.12,0.12
13.11.2023 09:04:58.921 GMT-0800,27.804000000000002,27.786,0.12,0.12
13.11.2023 09:05:23.496 GMT-0800,27.793000000000003,27.776999999999997,0.12,0.12
13.11.2023 09:05:25.952 GMT-0800,27.804000000000002,27.776,0.12,0.12
13.11.2023 09:05:26.002 GMT-0800,27.804000000000002,27.786,0.12,0.12
13.11.2023 09:06:49.949 GMT-0800,27.803,27.776999999999997,0.12,0.12
13.11.2023 09:06:50.000 GMT-0800,27.793000000000003,27.767,0.12,0.12
13.11.2023 09:06:50.101 GMT-0800,27.793000000000003,27.776999999999997,0.12,0.12
13.11.2023 09:06:51.374 GMT-0800,27.783,27.767,0.12,0.12
13.11.2023 09:07:27.778 GMT-0800,27.794,27.776,0.12,0.12
13.11.2023 09:07:31.929 GMT-0800,27.803,27.776999999999997,0.12,0.12
13.11.2023 09:07:32.254 GMT-0800,27.804000000000002,27.786,0.12,0.12
13.11.2023 09:07:32.999 GMT-0800,27.794,27.776,0.12,0.12
13.11.2023 09:07:41.765 GMT-0800,27.794,27.766,0.12,0.12
13.11.2023 09:07:41.816 GMT-0800,27.783,27.767,0.12,0.12
13.11.2023 09:07:54.678 GMT-0800,27.793000000000003,27.767,0.12,0.12
13.11.2023 09:07:54.728 GMT-0800,27.794,27.776,0.12,0.12
13.11.2023 09:08:10.721 GMT-0800,27.803,27.787,0.12,0.12
13.11.2023 09:08:53.959 GMT-0800,27.804000000000002,27.776,0.12,0.12
13.11.2023 09:08:54.010 GMT-0800,27.794,27.776,0.12,0.12
13.11.2023 09:09:13.899 GMT-0800,27.804000000000002,27.786,0.12,0.12
13.11.2023 09:09:59.423 GMT-0800,27.813000000000002,27.787,0.12,0.12
13.11.2023 09:09:59.524 GMT-0800,27.803,27.787,0.12,0.12
13.11.2023 09:10:00.244 GMT-0800,27.814,27.786,0.12,0.12
13.11.2023 09:10:01.193 GMT-0800,27.813000000000002,27.796999999999997,0.12,0.12
13.11.2023 09:10:48.897 GMT-0800,27.824,27.796,0.12,0.12
13.11.2023 09:10:48.948 GMT-0800,27.823000000000004,27.807,0.12,0.12
13.11.2023 09:10:51.320 GMT-0800,27.813000000000002,27.796999999999997,0.12,0.12
13.11.2023 09:11:27.184 GMT-0800,27.813000000000002,27.787,0.12,0.12
13.11.2023 09:11:27.242 GMT-0800,27.814,27.776,0.12,0.12
13.11.2023 09:11:27.314 GMT-0800,27.804000000000002,27.776,0.12,0.12
13.11.2023 09:11:28.068 GMT-0800,27.794,27.776,0.12,0.12
13.11.2023 09:11:28.711 GMT-0800,27.784000000000002,27.766,0.12,0.12
13.11.2023 09:11:32.648 GMT-0800,27.774,27.756,0.12,0.12
13.11.2023 09:11:33.124 GMT-0800,27.783,27.767,0.12,0.12
13.11.2023 09:12:25.489 GMT-0800,27.793000000000003,27.776999999999997,0.12,0.12
13.11.2023 09:12:52.510 GMT-0800,27.793000000000003,27.767,0.12,0.12
13.11.2023 09:12:53.498 GMT-0800,27.794,27.776,0.12,0.12
13.11.2023 09:12:56.797 GMT-0800,27.784000000000002,27.766,0.12,0.12
13.11.2023 09:13:54.709 GMT-0800,27.773000000000003,27.756999999999998,0.12,0.12
13.11.2023 09:14:02.414 GMT-0800,27.783,27.756999999999998,0.12,0.12
13.11.2023 09:14:02.465 GMT-0800,27.784000000000002,27.766,0.12,0.12
13.11.2023 09:14:07.884 GMT-0800,27.793000000000003,27.776999999999997,0.12,0.12
13.11.2023 09:14:43.539 GMT-0800,27.794,27.766,0.12,0.12
13.11.2023 09:14:43.589 GMT-0800,27.783,27.767,0.12,0.12
13.11.2023 09:15:05.496 GMT-0800,27.773000000000003,27.756999999999998,0.12,0.12
13.11.2023 09:15:17.151 GMT-0800,27.784000000000002,27.766,0.12,0.12
13.11.2023 09:15:35.825 GMT-0800,27.773000000000003,27.756999999999998,0.12,0.12
13.11.2023 09:16:12.688 GMT-0800,27.764000000000003,27.746,0.12,0.12
13.11.2023 09:16:22.677 GMT-0800,27.773000000000003,27.747,0.12,0.12
13.11.2023 09:16:22.727 GMT-0800,27.764000000000003,27.746,0.12,0.12
13.11.2023 09:16:49.066 GMT-0800,27.773000000000003,27.747,0.12,0.12
13.11.2023 09:16:49.116 GMT-0800,27.763,27.747,0.12,0.12
13.11.2023 09:16:54.928 GMT-0800,27.773000000000003,27.747,0.12,0.12
13.11.2023 09:16:57.821 GMT-0800,27.763,27.747,0.12,0.12
13.11.2023 09:17:17.990 GMT-0800,27.774,27.746,0.12,0.12
13.11.2023 09:17:18.202 GMT-0800,27.764000000000003,27.746,0.12,0.12
13.11.2023 09:17:20.658 GMT-0800,27.773000000000003,27.747,0.12,0.12
13.11.2023 09:17:20.864 GMT-0800,27.773000000000003,27.756999999999998,0.12,0.12
13.11.2023 09:17:47.679 GMT-0800,27.784000000000002,27.756,0.12,0.12
13.11.2023 09:17:48.144 GMT-0800,27.783,27.767,0.12,0.12
13.11.2023 09:19:02.954 GMT-0800,27.794,27.776,0.12,0.12
13.11.2023 09:20:30.505 GMT-0800,27.804000000000002,27.786,0.12,0.12
13.11.2023 09:20:59.075 GMT-0800,27.813000000000002,27.787,0.12,0.12
13.11.2023 09:20:59.126 GMT-0800,27.813000000000002,27.796999999999997,0.12,0.12
13.11.2023 09:21:01.509 GMT-0800,27.803,27.787,0.12,0.12
13.11.2023 09:21:09.313 GMT-0800,27.794,27.776,0.12,0.12
13.11.2023 09:21:31.007 GMT-0800,27.803,27.787,0.12,0.12
13.11.2023 09:22:23.767 GMT-0800,27.813000000000002,27.787,0.12,0.12
13.11.2023 09:22:23.818 GMT-0800,27.814,27.796,0.12,0.12
13.11.2023 09:22:57.764 GMT-0800,27.803,27.787,0.12,0.12
13.11.2023 09:23:05.404 GMT-0800,27.814,27.796,0.12,0.12
13.11.2023 09:23:42.936 GMT-0800,27.823000000000004,27.796999999999997,0.12,0.12
13.11.2023 09:23:42.986 GMT-0800,27.823000000000004,27.807,0.12,0.12
13.11.2023 09:24:00.798 GMT-0800,27.833000000000002,27.817,0.12,0.12
13.11.2023 09:24:37.541 GMT-0800,27.844,27.816,0.12,0.12
13.11.2023 09:24:37.592 GMT-0800,27.834000000000003,27.816,0.12,0.12
13.11.2023 09:24:37.760 GMT-0800,27.844,27.826,0.12,0.12
13.11.2023 09:24:48.325 GMT-0800,27.854000000000003,27.836,0.12,0.12
13.11.2023 09:25:56.071 GMT-0800,27.843000000000004,27.826999999999998,0.12,0.12
13.11.2023 09:26:43.377 GMT-0800,27.834000000000003,27.816,0.12,0.12
13.11.2023 09:26:49.743 GMT-0800,27.823000000000004,27.807,0.12,0.12
13.11.2023 09:27:29.437 GMT-0800,27.833000000000002,27.807,0.12,0.12
13.11.2023 09:27:29.488 GMT-0800,27.834000000000003,27.816,0.12,0.12
13.11.2023 09:27:49.647 GMT-0800,27.823000000000004,27.807,0.12,0.12
13.11.2023 09:28:23.758 GMT-0800,27.833000000000002,27.807,0.12,0.12
13.11.2023 09:28:23.809 GMT-0800,27.834000000000003,27.816,0.12,0.12
13.11.2023 09:28:31.881 GMT-0800,27.843000000000004,27.826999999999998,0.12,0.12
13.11.2023 09:30:01.957 GMT-0800,27.834000000000003,27.816,0.12,0.12
13.11.2023 09:31:04.935 GMT-0800,27.823000000000004,27.807,0.12,0.12
13.11.2023 09:31:09.074 GMT-0800,27.813000000000002,27.796999999999997,0.12,0.12
13.11.2023 09:31:16.832 GMT-0800,27.813000000000002,27.787,0.12,0.12
13.11.2023 09:31:16.882 GMT-0800,27.804000000000002,27.786,0.12,0.12
13.11.2023 09:32:23.551 GMT-0800,27.814,27.796,0.12,0.12
13.11.2023 09:32:42.229 GMT-0800,27.804000000000002,27.786,0.12,0.12
13.11.2023 09:33:08.288 GMT-0800,27.803,27.776999999999997,0.12,0.12
13.11.2023 09:33:09.072 GMT-0800,27.804000000000002,27.786,0.12,0.12
13.11.2023 09:33:10.789 GMT-0800,27.804000000000002,27.776,0.12,0.12
13.11.2023 09:33:10.840 GMT-0800,27.803,27.787,0.12,0.12
13.11.2023 09:33:30.621 GMT-0800,27.803,27.776999999999997,0.12,0.12
13.11.2023 09:33:30.672 GMT-0800,27.794,27.776,0.12,0.12
13.11.2023 09:35:21.307 GMT-0800,27.803,27.776999999999997,0.12,0.12
13.11.2023 09:35:21.358 GMT-0800,27.803,27.787,0.12,0.12
13.11.2023 09:35:30.810 GMT-0800,27.794,27.776,0.12,0.12
13.11.2023 09:35:48.923 GMT-0800,27.803,27.776999999999997,0.12,0.12
13.11.2023 09:35:49.075 GMT-0800,27.803,27.787,0.12,0.12
13.11.2023 09:37:49.364 GMT-0800,27.794,27.776,0.12,0.12
13.11.2023 09:37:49.467 GMT-0800,27.783,27.767,0.12,0.12
13.11.2023 09:38:52.729 GMT-0800,27.793000000000003,27.767,0.12,0.12
13.11.2023 09:38:52.780 GMT-0800,27.793000000000003,27.776999999999997,0.12,0.12
13.11.2023 09:40:39.633 GMT-0800,27.803,27.787,0.12,0.12
13.11.2023 09:41:04.786 GMT-0800,27.794,27.776,0.12,0.12
13.11.2023 09:41:32.331 GMT-0800,27.803,27.776999999999997,0.12,0.12
13.11.2023 09:41:32.382 GMT-0800,27.803,27.787,0.12,0.12
13.11.2023 09:41:49.360 GMT-0800,27.794,27.776,0.12,0.12
13.11.2023 09:42:57.307 GMT-0800,27.804000000000002,27.786,0.12,0.12
13.11.2023 09:43:05.005 GMT-0800,27.793000000000003,27.776999999999997,0.12,0.12
13.11.2023 09:44:30.530 GMT-0800,27.803,27.787,0.12,0.12
13.11.2023 09:44:37.342 GMT-0800,27.793000000000003,27.776999999999997,0.12,0.12
13.11.2023 09:45:06.731 GMT-0800,27.794,27.766,0.12,0.12
13.11.2023 09:45:06.781 GMT-0800,27.783,27.767,0.12,0.12
13.11.2023 09:45:24.466 GMT-0800,27.784000000000002,27.756,0.12,0.12
13.11.2023 09:45:24.517 GMT-0800,27.774,27.756,0.12,0.12
13.11.2023 09:45:28.324 GMT-0800,27.773000000000003,27.747,0.12,0.12
13.11.2023 09:45:29.312 GMT-0800,27.763,27.747,0.12,0.12
13.11.2023 09:46:14.687 GMT-0800,27.753000000000004,27.737,0.12,0.12
13.11.2023 09:46:22.663 GMT-0800,27.753000000000004,27.727,0.12,0.12
13.11.2023 09:46:23.375 GMT-0800,27.744,27.726,0.12,0.12
13.11.2023 09:46:25.625 GMT-0800,27.754,27.736,0.12,0.12
13.11.2023 09:48:09.746 GMT-0800,27.754,27.726,0.12,0.12
13.11.2023 09:48:09.796 GMT-0800,27.744,27.726,0.12,0.12
13.11.2023 09:48:13.838 GMT-0800,27.753000000000004,27.737,0.12,0.12
13.11.2023 09:49:18.328 GMT-0800,27.764000000000003,27.746,0.12,0.12
13.11.2023 09:49:33.508 GMT-0800,27.774,27.756,0.12,0.12
13.11.2023 09:50:11.900 GMT-0800,27.784000000000002,27.766,0.12,0.12
13.11.2023 09:50:41.738 GMT-0800,27.794,27.776,0.12,0.12
13.11.2023 09:51:15.194 GMT-0800,27.804000000000002,27.786,0.12,0.12
13.11.2023 09:51:24.263 GMT-0800,27.793000000000003,27.776999999999997,0.12,0.12
13.11.2023 09:52:17.024 GMT-0800,27.793000000000003,27.767,0.12,0.12
13.11.2023 09:52:17.074 GMT-0800,27.794,27.776,0.12,0.12
13.11.2023 09:53:15.612 GMT-0800,27.794,27.766,0.12,0.12
13.11.2023 09:53:15.663 GMT-0800,27.794,27.776,0.12,0.12
13.11.2023 09:55:01.475 GMT-0800,27.793000000000003,27.767,0.12,0.12
13.11.2023 09:55:01.525 GMT-0800,27.784000000000002,27.766,0.12,0.12
13.11.2023 09:55:09.354 GMT-0800,27.784000000000002,27.756,0.12,0.12
13.11.2023 09:55:09.404 GMT-0800,27.774,27.756,0.12,0.12
13.11.2023 09:55:55.130 GMT-0800,27.783,27.767,0.12,0.12
13.11.2023 09:58:02.481 GMT-0800,27.794,27.776,0.12,0.12
13.11.2023 09:59:55.233 GMT-0800,27.803,27.787,0.12,0.12
