Local time,Ask,Bid,AskVolume,BidVolume
13.11.2023 06:30:00.333 GMT-0800,52.733999999999995,52.18600000000001,0.12,0.12
13.11.2023 06:30:00.471 GMT-0800,52.543000000000006,52.187,0.12,0.12
13.11.2023 06:30:00.824 GMT-0800,52.543000000000006,52.177,0.12,0.12
13.11.2023 06:30:01.389 GMT-0800,52.464,52.176,0.0009,0.1
13.11.2023 06:30:01.440 GMT-0800,52.524,52.196000000000005,0.12,0.12
13.11.2023 06:30:01.955 GMT-0800,52.523,52.197,0.12,0.1
13.11.2023 06:30:02.183 GMT-0800,52.454,52.196000000000005,0.0009,0.1
13.11.2023 06:30:02.633 GMT-0800,52.424,52.416000000000004,0.0009,0.09
13.11.2023 06:30:02.685 GMT-0800,52.443000000000005,52.417,0.0009,0.09
13.11.2023 06:30:02.946 GMT-0800,52.443999999999996,52.406000000000006,0.12,0.12
13.11.2023 06:30:03.601 GMT-0800,52.443999999999996,52.406000000000006,0.09,0.1
13.11.2023 06:30:03.652 GMT-0800,52.443000000000005,52.407,0.09,0.12
13.11.2023 06:30:03.728 GMT-0800,52.483000000000004,52.447,0.12,0.12
13.11.2023 06:30:03.874 GMT-0800,52.483000000000004,52.447,0.09,0.1
13.11.2023 06:30:03.925 GMT-0800,52.494,52.446000000000005,0.12,0.12
13.11.2023 06:30:04.254 GMT-0800,52.493,52.447,0.12,0.1
13.11.2023 06:30:04.703 GMT-0800,52.493,52.457,0.09,0.1
13.11.2023 06:30:04.754 GMT-0800,52.494,52.456,0.09,0.1
13.11.2023 06:30:04.804 GMT-0800,52.493,52.457,0.09,0.1
13.11.2023 06:30:04.951 GMT-0800,52.493,52.457,0.09,0.1
13.11.2023 06:30:05.002 GMT-0800,52.513999999999996,52.486000000000004,0.0009,0.12
13.11.2023 06:30:05.532 GMT-0800,52.513000000000005,52.487,0.09,0.1
13.11.2023 06:30:05.712 GMT-0800,52.544,52.50600000000001,0.12,0.12
13.11.2023 06:30:05.875 GMT-0800,52.543000000000006,52.507,0.09,0.1
13.11.2023 06:30:05.926 GMT-0800,52.553000000000004,52.516999999999996,0.12,0.12
13.11.2023 06:30:06.408 GMT-0800,52.563,52.516999999999996,0.12,0.12
13.11.2023 06:30:07.561 GMT-0800,52.563,52.516999999999996,0.12,0.1
13.11.2023 06:30:07.662 GMT-0800,52.564,52.54600000000001,0.12,0.12
13.11.2023 06:30:07.910 GMT-0800,52.553999999999995,52.54600000000001,0.0009,0.09
13.11.2023 06:30:07.992 GMT-0800,52.553000000000004,52.537,0.12,0.12
13.11.2023 06:30:08.185 GMT-0800,52.553999999999995,52.526,0.12,0.12
13.11.2023 06:30:08.611 GMT-0800,52.543000000000006,52.527,0.0009,0.12
13.11.2023 06:30:08.662 GMT-0800,52.563,52.537,0.12,0.12
13.11.2023 06:30:08.794 GMT-0800,52.553000000000004,52.537,0.0009,0.09
13.11.2023 06:30:08.846 GMT-0800,52.553999999999995,52.526,0.12,0.12
13.11.2023 06:30:09.617 GMT-0800,52.544,52.526,0.0009,0.09
13.11.2023 06:30:09.667 GMT-0800,52.553000000000004,52.516999999999996,0.12,0.12
13.11.2023 06:30:10.876 GMT-0800,52.543000000000006,52.516999999999996,0.0009,0.12
13.11.2023 06:30:11.844 GMT-0800,52.533,52.497,0.12,0.12
13.11.2023 06:30:12.271 GMT-0800,52.523,52.497,0.0009,0.12
13.11.2023 06:30:12.373 GMT-0800,52.534,52.50600000000001,0.12,0.12
13.11.2023 06:30:12.474 GMT-0800,52.543000000000006,52.507,0.12,0.12
13.11.2023 06:30:12.525 GMT-0800,52.533,52.507,0.0009,0.12
13.11.2023 06:30:13.039 GMT-0800,52.544,52.496,0.12,0.12
13.11.2023 06:30:13.093 GMT-0800,52.533,52.497,0.0009,0.12
13.11.2023 06:30:13.195 GMT-0800,52.543000000000006,52.507,0.12,0.12
13.11.2023 06:30:13.328 GMT-0800,52.533,52.507,0.0009,0.12
13.11.2023 06:30:13.548 GMT-0800,52.534,52.516000000000005,0.09,0.12
13.11.2023 06:30:13.599 GMT-0800,52.543000000000006,52.516999999999996,0.12,0.12
13.11.2023 06:30:13.972 GMT-0800,52.553000000000004,52.527,0.12,0.12
13.11.2023 06:30:14.118 GMT-0800,52.544,52.526,0.09,0.12
13.11.2023 06:30:14.171 GMT-0800,52.553000000000004,52.527,0.12,0.12
13.11.2023 06:30:14.970 GMT-0800,52.553999999999995,52.516000000000005,0.12,0.12
13.11.2023 06:30:15.445 GMT-0800,52.544,52.516000000000005,0.0009,0.1
13.11.2023 06:30:15.495 GMT-0800,52.553999999999995,52.516000000000005,0.12,0.12
13.11.2023 06:30:15.547 GMT-0800,52.544,52.516000000000005,0.0009,0.12
13.11.2023 06:30:15.738 GMT-0800,52.553000000000004,52.516999999999996,0.12,0.12
13.11.2023 06:30:15.853 GMT-0800,52.543000000000006,52.516999999999996,0.0009,0.12
13.11.2023 06:30:16.511 GMT-0800,52.524,52.516000000000005,0.0009,0.09
13.11.2023 06:30:16.562 GMT-0800,52.534,52.50600000000001,0.12,0.12
13.11.2023 06:30:16.744 GMT-0800,52.523,52.507,0.0009,0.09
13.11.2023 06:30:16.795 GMT-0800,52.524,52.496,0.12,0.12
13.11.2023 06:30:17.511 GMT-0800,52.523,52.487,0.12,0.12
13.11.2023 06:30:18.269 GMT-0800,52.523,52.487,0.12,0.1
13.11.2023 06:30:18.902 GMT-0800,52.504,52.496,0.0009,0.09
13.11.2023 06:30:18.952 GMT-0800,52.503,52.477,0.12,0.12
13.11.2023 06:30:19.063 GMT-0800,52.513999999999996,52.486000000000004,0.12,0.12
13.11.2023 06:30:19.175 GMT-0800,52.524,52.496,0.12,0.12
13.11.2023 06:30:19.443 GMT-0800,52.523,52.507,0.12,0.12
13.11.2023 06:30:19.705 GMT-0800,52.533,52.507,0.12,0.12
13.11.2023 06:30:20.023 GMT-0800,52.523,52.507,0.0009,0.12
13.11.2023 06:30:20.195 GMT-0800,52.534,52.50600000000001,0.12,0.12
13.11.2023 06:30:20.701 GMT-0800,52.543000000000006,52.507,0.12,0.12
13.11.2023 06:30:21.315 GMT-0800,52.544,52.496,0.12,0.12
13.11.2023 06:30:21.385 GMT-0800,52.544,52.496,0.12,0.1
13.11.2023 06:30:21.435 GMT-0800,52.544,52.496,0.12,0.12
13.11.2023 06:30:24.523 GMT-0800,52.523,52.497,0.0009,0.1
13.11.2023 06:30:24.574 GMT-0800,52.534,52.50600000000001,0.12,0.12
13.11.2023 06:30:27.212 GMT-0800,52.513999999999996,52.496,0.12,0.12
13.11.2023 06:30:27.266 GMT-0800,52.523,52.497,0.12,0.12
13.11.2023 06:30:27.633 GMT-0800,52.533,52.497,0.12,0.12
13.11.2023 06:30:27.684 GMT-0800,52.523,52.497,0.12,0.12
13.11.2023 06:30:30.079 GMT-0800,52.513999999999996,52.496,0.0009,0.12
13.11.2023 06:30:31.843 GMT-0800,52.513999999999996,52.496,0.09,0.1
13.11.2023 06:30:31.895 GMT-0800,52.533,52.507,0.12,0.12
13.11.2023 06:30:33.596 GMT-0800,52.513000000000005,52.507,0.0009,0.09
13.11.2023 06:30:33.647 GMT-0800,52.513000000000005,52.487,0.12,0.12
13.11.2023 06:30:33.890 GMT-0800,52.504,52.486000000000004,0.0009,0.12
13.11.2023 06:30:33.940 GMT-0800,52.503,52.477,0.12,0.12
13.11.2023 06:30:38.045 GMT-0800,52.494,52.476000000000006,0.0009,0.09
13.11.2023 06:30:38.096 GMT-0800,52.493,52.467,0.12,0.12
13.11.2023 06:30:38.247 GMT-0800,52.493,52.457,0.12,0.12
13.11.2023 06:30:38.396 GMT-0800,52.473000000000006,52.457,0.0009,0.12
13.11.2023 06:30:39.126 GMT-0800,52.473000000000006,52.447,0.12,0.12
13.11.2023 06:30:39.682 GMT-0800,52.473000000000006,52.447,0.12,0.1
13.11.2023 06:30:39.783 GMT-0800,52.473000000000006,52.447,0.12,0.12
13.11.2023 06:30:39.834 GMT-0800,52.473000000000006,52.447,0.09,0.1
13.11.2023 06:30:39.885 GMT-0800,52.493,52.467,0.12,0.12
13.11.2023 06:30:42.546 GMT-0800,52.483999999999995,52.46600000000001,0.0009,0.12
13.11.2023 06:30:42.687 GMT-0800,52.494,52.476000000000006,0.12,0.12
13.11.2023 06:30:42.738 GMT-0800,52.493,52.467,0.12,0.12
13.11.2023 06:30:42.813 GMT-0800,52.494,52.46600000000001,0.12,0.1
13.11.2023 06:30:42.914 GMT-0800,52.494,52.46600000000001,0.12,0.12
13.11.2023 06:30:42.984 GMT-0800,52.494,52.46600000000001,0.12,0.1
13.11.2023 06:30:43.659 GMT-0800,52.494,52.46600000000001,0.12,0.12
13.11.2023 06:30:43.723 GMT-0800,52.494,52.46600000000001,0.12,0.1
13.11.2023 06:30:44.949 GMT-0800,52.483000000000004,52.477,0.0009,0.09
13.11.2023 06:30:45.000 GMT-0800,52.504,52.46600000000001,0.12,0.12
13.11.2023 06:30:45.452 GMT-0800,52.493,52.467,0.0009,0.12
13.11.2023 06:30:46.004 GMT-0800,52.503,52.467,0.12,0.12
13.11.2023 06:30:46.863 GMT-0800,52.493,52.467,0.0009,0.12
13.11.2023 06:30:46.964 GMT-0800,52.503,52.477,0.12,0.12
13.11.2023 06:30:47.972 GMT-0800,52.504,52.486000000000004,0.09,0.12
13.11.2023 06:30:48.022 GMT-0800,52.513999999999996,52.486000000000004,0.12,0.12
13.11.2023 06:30:48.339 GMT-0800,52.513000000000005,52.497,0.12,0.12
13.11.2023 06:30:48.866 GMT-0800,52.523,52.497,0.12,0.12
13.11.2023 06:30:50.761 GMT-0800,52.513999999999996,52.496,0.0009,0.12
13.11.2023 06:30:50.935 GMT-0800,52.523,52.497,0.12,0.12
13.11.2023 06:30:52.218 GMT-0800,52.513000000000005,52.497,0.0009,0.12
13.11.2023 06:30:52.329 GMT-0800,52.513000000000005,52.497,0.09,0.1
13.11.2023 06:30:52.380 GMT-0800,52.534,52.50600000000001,0.12,0.12
13.11.2023 06:30:52.833 GMT-0800,52.534,52.50600000000001,0.09,0.1
13.11.2023 06:30:52.989 GMT-0800,52.533,52.507,0.12,0.12
13.11.2023 06:30:53.417 GMT-0800,52.533,52.497,0.12,0.12
13.11.2023 06:30:53.793 GMT-0800,52.523,52.497,0.0009,0.12
13.11.2023 06:30:56.703 GMT-0800,52.523,52.497,0.12,0.1
13.11.2023 06:30:56.858 GMT-0800,52.523,52.497,0.12,0.12
13.11.2023 06:30:58.296 GMT-0800,52.524,52.496,0.09,0.1
13.11.2023 06:30:58.347 GMT-0800,52.533,52.507,0.12,0.12
13.11.2023 06:30:58.397 GMT-0800,52.524,52.50600000000001,0.0009,0.09
13.11.2023 06:30:58.453 GMT-0800,52.523,52.497,0.12,0.12
13.11.2023 06:30:59.574 GMT-0800,52.513999999999996,52.496,0.0009,0.12
13.11.2023 06:30:59.625 GMT-0800,52.524,52.496,0.12,0.12
13.11.2023 06:30:59.694 GMT-0800,52.524,52.50600000000001,0.12,0.12
13.11.2023 06:30:59.745 GMT-0800,52.533,52.507,0.12,0.12
13.11.2023 06:30:59.798 GMT-0800,52.534,52.50600000000001,0.12,0.1
13.11.2023 06:30:59.957 GMT-0800,52.533,52.516999999999996,0.09,0.1
13.11.2023 06:31:00.058 GMT-0800,52.544,52.526,0.12,0.09
13.11.2023 06:31:00.109 GMT-0800,52.544,52.516000000000005,0.12,0.12
13.11.2023 06:31:00.338 GMT-0800,52.534,52.516000000000005,0.0009,0.09
13.11.2023 06:31:00.389 GMT-0800,52.534,52.50600000000001,0.12,0.12
13.11.2023 06:31:00.490 GMT-0800,52.544,52.516000000000005,0.12,0.12
13.11.2023 06:31:01.104 GMT-0800,52.533,52.516999999999996,0.0009,0.12
13.11.2023 06:31:01.155 GMT-0800,52.543000000000006,52.516999999999996,0.12,0.12
13.11.2023 06:31:02.091 GMT-0800,52.534,52.516000000000005,0.12,0.12
13.11.2023 06:31:03.286 GMT-0800,52.544,52.516000000000005,0.12,0.12
13.11.2023 06:31:04.331 GMT-0800,52.553999999999995,52.516000000000005,0.12,0.12
13.11.2023 06:31:07.676 GMT-0800,52.553999999999995,52.516000000000005,0.12,0.1
13.11.2023 06:31:07.911 GMT-0800,52.553999999999995,52.526,0.09,0.1
13.11.2023 06:31:07.973 GMT-0800,52.564,52.536,0.12,0.12
13.11.2023 06:31:08.124 GMT-0800,52.553999999999995,52.536,0.0009,0.12
13.11.2023 06:31:08.174 GMT-0800,52.563,52.527,0.12,0.12
13.11.2023 06:31:09.587 GMT-0800,52.553000000000004,52.527,0.0009,0.12
13.11.2023 06:31:10.285 GMT-0800,52.563,52.527,0.12,0.12
13.11.2023 06:31:10.335 GMT-0800,52.534,52.50600000000001,0.12,0.12
13.11.2023 06:31:12.296 GMT-0800,52.544,52.50600000000001,0.12,0.12
13.11.2023 06:31:12.352 GMT-0800,52.534,52.50600000000001,0.0009,0.12
13.11.2023 06:31:13.105 GMT-0800,52.543000000000006,52.527,0.12,0.12
13.11.2023 06:31:15.445 GMT-0800,52.543000000000006,52.527,0.09,0.1
13.11.2023 06:31:15.495 GMT-0800,52.543000000000006,52.527,0.12,0.12
13.11.2023 06:31:15.597 GMT-0800,52.533,52.507,0.12,0.12
13.11.2023 06:31:16.444 GMT-0800,52.534,52.50600000000001,0.12,0.1
13.11.2023 06:31:17.166 GMT-0800,52.544,52.516000000000005,0.12,0.12
13.11.2023 06:31:17.217 GMT-0800,52.533,52.516999999999996,0.0009,0.12
13.11.2023 06:31:17.268 GMT-0800,52.544,52.516000000000005,0.12,0.12
13.11.2023 06:31:17.448 GMT-0800,52.533,52.516999999999996,0.0009,0.12
13.11.2023 06:31:19.233 GMT-0800,52.523,52.516999999999996,0.0009,0.09
13.11.2023 06:31:19.284 GMT-0800,52.524,52.50600000000001,0.12,0.12
13.11.2023 06:31:19.501 GMT-0800,52.513999999999996,52.50600000000001,0.0009,0.09
13.11.2023 06:31:19.552 GMT-0800,52.513000000000005,52.497,0.12,0.12
13.11.2023 06:31:20.826 GMT-0800,52.513999999999996,52.496,0.09,0.1
13.11.2023 06:31:20.877 GMT-0800,52.524,52.50600000000001,0.12,0.12
13.11.2023 06:31:22.192 GMT-0800,52.513000000000005,52.497,0.12,0.12
13.11.2023 06:31:22.426 GMT-0800,52.504,52.496,0.0009,0.09
13.11.2023 06:31:22.478 GMT-0800,52.504,52.476000000000006,0.12,0.12
13.11.2023 06:31:22.567 GMT-0800,52.503,52.477,0.12,0.1
13.11.2023 06:31:23.134 GMT-0800,52.503,52.477,0.12,0.12
13.11.2023 06:31:24.230 GMT-0800,52.504,52.46600000000001,0.12,0.12
13.11.2023 06:31:24.386 GMT-0800,52.504,52.476000000000006,0.12,0.09
13.11.2023 06:31:25.503 GMT-0800,52.503,52.467,0.12,0.12
13.11.2023 06:31:25.554 GMT-0800,52.493,52.477,0.12,0.12
13.11.2023 06:31:27.462 GMT-0800,52.494,52.46600000000001,0.12,0.12
13.11.2023 06:31:28.653 GMT-0800,52.493,52.467,0.12,0.1
13.11.2023 06:31:30.369 GMT-0800,52.494,52.46600000000001,0.12,0.12
13.11.2023 06:31:31.335 GMT-0800,52.463,52.447,0.12,0.12
13.11.2023 06:31:32.882 GMT-0800,52.463,52.447,0.09,0.1
13.11.2023 06:31:32.933 GMT-0800,52.483000000000004,52.457,0.12,0.12
13.11.2023 06:31:33.164 GMT-0800,52.473000000000006,52.457,0.0009,0.09
13.11.2023 06:31:33.214 GMT-0800,52.483999999999995,52.456,0.12,0.12
13.11.2023 06:31:35.375 GMT-0800,52.494,52.456,0.12,0.12
13.11.2023 06:31:36.551 GMT-0800,52.493,52.457,0.12,0.1
13.11.2023 06:31:36.652 GMT-0800,52.503,52.477,0.12,0.12
13.11.2023 06:31:36.712 GMT-0800,52.493,52.477,0.0009,0.12
13.11.2023 06:31:37.057 GMT-0800,52.483999999999995,52.476000000000006,0.0009,0.09
13.11.2023 06:31:37.108 GMT-0800,52.483999999999995,52.456,0.12,0.12
13.11.2023 06:31:37.267 GMT-0800,52.494,52.456,0.12,0.12
13.11.2023 06:31:37.353 GMT-0800,52.493,52.457,0.12,0.1
13.11.2023 06:31:37.653 GMT-0800,52.494,52.456,0.12,0.12
13.11.2023 06:31:37.708 GMT-0800,52.494,52.456,0.12,0.1
13.11.2023 06:31:37.758 GMT-0800,52.494,52.456,0.12,0.12
13.11.2023 06:31:37.831 GMT-0800,52.493,52.457,0.12,0.1
13.11.2023 06:31:37.932 GMT-0800,52.494,52.456,0.12,0.12
13.11.2023 06:31:38.247 GMT-0800,52.493,52.457,0.12,0.1
13.11.2023 06:31:38.371 GMT-0800,52.494,52.46600000000001,0.12,0.1
13.11.2023 06:31:39.252 GMT-0800,52.483000000000004,52.477,0.0009,0.09
13.11.2023 06:31:39.303 GMT-0800,52.483999999999995,52.456,0.12,0.12
13.11.2023 06:31:39.511 GMT-0800,52.493,52.457,0.12,0.12
13.11.2023 06:31:40.380 GMT-0800,52.493,52.457,0.12,0.1
13.11.2023 06:31:40.431 GMT-0800,52.493,52.457,0.12,0.12
13.11.2023 06:31:41.650 GMT-0800,52.493,52.457,0.12,0.1
13.11.2023 06:31:41.926 GMT-0800,52.483000000000004,52.467,0.0009,0.12
13.11.2023 06:31:41.977 GMT-0800,52.493,52.467,0.12,0.12
13.11.2023 06:31:42.053 GMT-0800,52.483000000000004,52.467,0.0009,0.12
13.11.2023 06:31:42.225 GMT-0800,52.494,52.46600000000001,0.12,0.12
13.11.2023 06:31:42.919 GMT-0800,52.483999999999995,52.46600000000001,0.0009,0.12
13.11.2023 06:31:42.970 GMT-0800,52.494,52.46600000000001,0.12,0.12
13.11.2023 06:31:43.213 GMT-0800,52.483000000000004,52.467,0.0009,0.12
13.11.2023 06:31:43.264 GMT-0800,52.493,52.467,0.12,0.12
13.11.2023 06:31:43.327 GMT-0800,52.483000000000004,52.467,0.0009,0.12
13.11.2023 06:31:43.378 GMT-0800,52.494,52.46600000000001,0.12,0.12
13.11.2023 06:31:43.560 GMT-0800,52.483000000000004,52.467,0.0009,0.12
13.11.2023 06:31:43.611 GMT-0800,52.494,52.46600000000001,0.12,0.12
13.11.2023 06:31:45.703 GMT-0800,52.494,52.46600000000001,0.12,0.1
13.11.2023 06:31:46.038 GMT-0800,52.493,52.477,0.09,0.1
13.11.2023 06:31:46.088 GMT-0800,52.503,52.487,0.12,0.12
13.11.2023 06:31:46.189 GMT-0800,52.503,52.477,0.12,0.12
13.11.2023 06:31:46.240 GMT-0800,52.503,52.487,0.12,0.12
13.11.2023 06:31:46.875 GMT-0800,52.513000000000005,52.487,0.12,0.12
13.11.2023 06:31:47.060 GMT-0800,52.504,52.486000000000004,0.0009,0.12
13.11.2023 06:31:47.110 GMT-0800,52.513000000000005,52.487,0.12,0.12
13.11.2023 06:31:47.762 GMT-0800,52.513000000000005,52.487,0.12,0.1
13.11.2023 06:31:49.804 GMT-0800,52.504,52.496,0.0009,0.09
13.11.2023 06:31:49.855 GMT-0800,52.503,52.487,0.12,0.09
13.11.2023 06:31:49.932 GMT-0800,52.503,52.477,0.12,0.12
13.11.2023 06:31:49.983 GMT-0800,52.503,52.487,0.12,0.12
13.11.2023 06:31:57.028 GMT-0800,52.524,52.50600000000001,0.09,0.1
13.11.2023 06:31:57.079 GMT-0800,52.543000000000006,52.516999999999996,0.12,0.12
13.11.2023 06:31:57.129 GMT-0800,52.533,52.516999999999996,0.12,0.12
13.11.2023 06:31:57.253 GMT-0800,52.544,52.526,0.12,0.12
13.11.2023 06:31:57.414 GMT-0800,52.553999999999995,52.526,0.12,0.12
13.11.2023 06:31:57.570 GMT-0800,52.544,52.526,0.09,0.12
13.11.2023 06:31:57.678 GMT-0800,52.553999999999995,52.526,0.12,0.12
13.11.2023 06:31:57.853 GMT-0800,52.543000000000006,52.527,0.0009,0.12
13.11.2023 06:31:57.903 GMT-0800,52.553999999999995,52.526,0.12,0.12
13.11.2023 06:31:57.964 GMT-0800,52.543000000000006,52.527,0.0009,0.12
13.11.2023 06:31:58.015 GMT-0800,52.553999999999995,52.526,0.12,0.12
13.11.2023 06:31:59.453 GMT-0800,52.544,52.526,0.0009,0.12
13.11.2023 06:31:59.504 GMT-0800,52.553999999999995,52.526,0.12,0.12
13.11.2023 06:31:59.713 GMT-0800,52.543000000000006,52.527,0.0009,0.12
13.11.2023 06:31:59.764 GMT-0800,52.553000000000004,52.527,0.12,0.12
13.11.2023 06:31:59.900 GMT-0800,52.553000000000004,52.527,0.12,0.1
13.11.2023 06:32:00.178 GMT-0800,52.564,52.536,0.12,0.12
13.11.2023 06:32:00.228 GMT-0800,52.553000000000004,52.537,0.0009,0.12
13.11.2023 06:32:00.287 GMT-0800,52.564,52.536,0.12,0.12
13.11.2023 06:32:00.504 GMT-0800,52.553999999999995,52.536,0.0009,0.12
13.11.2023 06:32:01.288 GMT-0800,52.553000000000004,52.527,0.12,0.12
13.11.2023 06:32:01.339 GMT-0800,52.543000000000006,52.527,0.12,0.12
13.11.2023 06:32:01.927 GMT-0800,52.533,52.527,0.0009,0.09
13.11.2023 06:32:01.978 GMT-0800,52.513000000000005,52.497,0.12,0.12
13.11.2023 06:32:02.089 GMT-0800,52.513000000000005,52.487,0.12,0.12
13.11.2023 06:32:02.235 GMT-0800,52.513000000000005,52.497,0.12,0.12
13.11.2023 06:32:03.510 GMT-0800,52.533,52.507,0.12,0.12
13.11.2023 06:32:03.876 GMT-0800,52.523,52.507,0.0009,0.12
13.11.2023 06:32:04.607 GMT-0800,52.513999999999996,52.50600000000001,0.0009,0.09
13.11.2023 06:32:04.828 GMT-0800,52.513999999999996,52.486000000000004,0.12,0.12
13.11.2023 06:32:05.110 GMT-0800,52.513000000000005,52.487,0.12,0.1
13.11.2023 06:32:08.368 GMT-0800,52.523,52.497,0.12,0.12
13.11.2023 06:32:08.537 GMT-0800,52.513000000000005,52.497,0.0009,0.12
13.11.2023 06:32:09.651 GMT-0800,52.503,52.497,0.0009,0.09
13.11.2023 06:32:09.702 GMT-0800,52.504,52.486000000000004,0.12,0.12
13.11.2023 06:32:10.751 GMT-0800,52.513999999999996,52.496,0.12,0.12
13.11.2023 06:32:11.045 GMT-0800,52.513000000000005,52.497,0.09,0.1
13.11.2023 06:32:11.127 GMT-0800,52.513999999999996,52.496,0.12,0.12
13.11.2023 06:32:11.178 GMT-0800,52.524,52.496,0.12,0.12
13.11.2023 06:32:11.612 GMT-0800,52.513999999999996,52.496,0.0009,0.12
13.11.2023 06:32:11.836 GMT-0800,52.524,52.496,0.12,0.12
13.11.2023 06:32:12.756 GMT-0800,52.513000000000005,52.497,0.0009,0.12
13.11.2023 06:32:12.907 GMT-0800,52.523,52.497,0.12,0.12
13.11.2023 06:32:12.958 GMT-0800,52.513000000000005,52.497,0.0009,0.12
13.11.2023 06:32:13.059 GMT-0800,52.513000000000005,52.487,0.12,0.12
13.11.2023 06:32:14.130 GMT-0800,52.504,52.486000000000004,0.0009,0.12
13.11.2023 06:32:14.181 GMT-0800,52.513000000000005,52.487,0.12,0.12
13.11.2023 06:32:14.474 GMT-0800,52.504,52.486000000000004,0.0009,0.12
13.11.2023 06:32:14.575 GMT-0800,52.513999999999996,52.486000000000004,0.12,0.12
13.11.2023 06:32:14.984 GMT-0800,52.504,52.486000000000004,0.0009,0.12
13.11.2023 06:32:15.172 GMT-0800,52.513000000000005,52.487,0.12,0.12
13.11.2023 06:32:15.224 GMT-0800,52.503,52.487,0.0009,0.12
13.11.2023 06:32:16.519 GMT-0800,52.493,52.467,0.12,0.12
13.11.2023 06:32:16.570 GMT-0800,52.494,52.46600000000001,0.12,0.1
13.11.2023 06:32:16.671 GMT-0800,52.494,52.46600000000001,0.12,0.12
13.11.2023 06:32:16.722 GMT-0800,52.494,52.476000000000006,0.12,0.09
13.11.2023 06:32:17.046 GMT-0800,52.504,52.476000000000006,0.12,0.12
13.11.2023 06:32:18.508 GMT-0800,52.493,52.477,0.0009,0.12
13.11.2023 06:32:18.609 GMT-0800,52.503,52.477,0.12,0.12
13.11.2023 06:32:18.659 GMT-0800,52.493,52.477,0.12,0.12
13.11.2023 06:32:19.997 GMT-0800,52.493,52.467,0.12,0.12
13.11.2023 06:32:20.213 GMT-0800,52.494,52.46600000000001,0.12,0.1
13.11.2023 06:32:20.577 GMT-0800,52.494,52.46600000000001,0.12,0.12
13.11.2023 06:32:20.706 GMT-0800,52.494,52.46600000000001,0.12,0.1
13.11.2023 06:32:21.874 GMT-0800,52.494,52.46600000000001,0.12,0.12
13.11.2023 06:32:23.656 GMT-0800,52.494,52.46600000000001,0.12,0.1
13.11.2023 06:32:24.768 GMT-0800,52.494,52.46600000000001,0.12,0.12
13.11.2023 06:32:24.942 GMT-0800,52.494,52.46600000000001,0.12,0.1
13.11.2023 06:32:26.941 GMT-0800,52.483999999999995,52.476000000000006,0.0009,0.09
13.11.2023 06:32:27.042 GMT-0800,52.483999999999995,52.46600000000001,0.12,0.12
13.11.2023 06:32:27.271 GMT-0800,52.493,52.467,0.12,0.12
13.11.2023 06:32:30.540 GMT-0800,52.483000000000004,52.467,0.0009,0.12
13.11.2023 06:32:30.984 GMT-0800,52.483999999999995,52.456,0.12,0.12
13.11.2023 06:32:31.072 GMT-0800,52.483999999999995,52.456,0.12,0.1
13.11.2023 06:32:31.123 GMT-0800,52.483999999999995,52.456,0.12,0.12
13.11.2023 06:32:31.173 GMT-0800,52.483000000000004,52.467,0.12,0.12
13.11.2023 06:32:31.376 GMT-0800,52.483999999999995,52.456,0.12,0.12
13.11.2023 06:32:31.532 GMT-0800,52.483000000000004,52.467,0.12,0.12
13.11.2023 06:32:32.994 GMT-0800,52.463,52.447,0.12,0.12
13.11.2023 06:32:33.411 GMT-0800,52.453,52.447,0.0009,0.09
13.11.2023 06:32:33.462 GMT-0800,52.473000000000006,52.457,0.12,0.12
13.11.2023 06:32:35.046 GMT-0800,52.463,52.457,0.0009,0.09
13.11.2023 06:32:35.096 GMT-0800,52.464,52.446000000000005,0.12,0.12
13.11.2023 06:32:35.661 GMT-0800,52.454,52.446000000000005,0.0009,0.09
13.11.2023 06:32:35.711 GMT-0800,52.464,52.446000000000005,0.12,0.12
13.11.2023 06:32:38.563 GMT-0800,52.463,52.437,0.12,0.12
13.11.2023 06:32:38.666 GMT-0800,52.464,52.43600000000001,0.12,0.1
13.11.2023 06:32:38.873 GMT-0800,52.464,52.446000000000005,0.09,0.1
13.11.2023 06:32:38.924 GMT-0800,52.473000000000006,52.447,0.12,0.12
13.11.2023 06:32:38.975 GMT-0800,52.464,52.446000000000005,0.12,0.12
13.11.2023 06:32:44.042 GMT-0800,52.464,52.43600000000001,0.12,0.12
13.11.2023 06:32:45.854 GMT-0800,52.464,52.43600000000001,0.12,0.1
13.11.2023 06:32:46.029 GMT-0800,52.463,52.437,0.12,0.12
13.11.2023 06:32:46.099 GMT-0800,52.463,52.437,0.12,0.1
13.11.2023 06:32:46.814 GMT-0800,52.473000000000006,52.447,0.12,0.12
13.11.2023 06:32:47.960 GMT-0800,52.463,52.447,0.0009,0.09
13.11.2023 06:32:48.132 GMT-0800,52.453,52.437,0.12,0.12
13.11.2023 06:32:49.749 GMT-0800,52.443000000000005,52.437,0.0009,0.09
13.11.2023 06:32:49.800 GMT-0800,52.443999999999996,52.426,0.12,0.12
13.11.2023 06:32:50.681 GMT-0800,52.443000000000005,52.417,0.12,0.12
13.11.2023 06:32:50.732 GMT-0800,52.433,52.417,0.12,0.12
13.11.2023 06:32:50.933 GMT-0800,52.443000000000005,52.417,0.12,0.12
13.11.2023 06:32:51.541 GMT-0800,52.433,52.417,0.12,0.12
13.11.2023 06:32:54.162 GMT-0800,52.433,52.417,0.09,0.1
13.11.2023 06:32:54.213 GMT-0800,52.443000000000005,52.427,0.12,0.12
13.11.2023 06:32:55.907 GMT-0800,52.463,52.437,0.12,0.12
13.11.2023 06:32:56.761 GMT-0800,52.453,52.437,0.0009,0.12
13.11.2023 06:32:59.454 GMT-0800,52.463,52.437,0.12,0.12
13.11.2023 06:32:59.521 GMT-0800,52.453,52.437,0.0009,0.12
13.11.2023 06:32:59.886 GMT-0800,52.453,52.437,0.09,0.1
13.11.2023 06:32:59.936 GMT-0800,52.473000000000006,52.447,0.12,0.12
13.11.2023 06:33:00.487 GMT-0800,52.473000000000006,52.447,0.12,0.1
13.11.2023 06:33:01.696 GMT-0800,52.483000000000004,52.457,0.12,0.12
13.11.2023 06:33:01.747 GMT-0800,52.474,52.456,0.0009,0.12
13.11.2023 06:33:02.932 GMT-0800,52.453,52.427,0.12,0.12
13.11.2023 06:33:03.222 GMT-0800,52.453,52.427,0.09,0.1
13.11.2023 06:33:03.272 GMT-0800,52.463,52.437,0.12,0.12
13.11.2023 06:33:03.548 GMT-0800,52.463,52.437,0.12,0.1
13.11.2023 06:33:03.649 GMT-0800,52.473000000000006,52.457,0.12,0.12
13.11.2023 06:33:06.287 GMT-0800,52.474,52.456,0.09,0.1
13.11.2023 06:33:06.338 GMT-0800,52.483000000000004,52.467,0.12,0.12
13.11.2023 06:33:06.537 GMT-0800,52.483000000000004,52.467,0.09,0.1
13.11.2023 06:33:06.588 GMT-0800,52.483999999999995,52.46600000000001,0.12,0.12
13.11.2023 06:33:07.047 GMT-0800,52.474,52.46600000000001,0.0009,0.09
13.11.2023 06:33:07.098 GMT-0800,52.474,52.456,0.12,0.12
13.11.2023 06:33:08.384 GMT-0800,52.473000000000006,52.447,0.12,0.12
13.11.2023 06:33:08.435 GMT-0800,52.473000000000006,52.457,0.12,0.09
13.11.2023 06:33:08.485 GMT-0800,52.473000000000006,52.447,0.12,0.12
13.11.2023 06:33:08.536 GMT-0800,52.463,52.447,0.0009,0.12
13.11.2023 06:33:09.308 GMT-0800,52.464,52.446000000000005,0.09,0.1
13.11.2023 06:33:09.359 GMT-0800,52.463,52.447,0.12,0.12
13.11.2023 06:33:09.666 GMT-0800,52.474,52.446000000000005,0.12,0.12
13.11.2023 06:33:10.130 GMT-0800,52.463,52.447,0.0009,0.12
13.11.2023 06:33:10.282 GMT-0800,52.474,52.446000000000005,0.12,0.12
13.11.2023 06:33:10.404 GMT-0800,52.473000000000006,52.447,0.12,0.1
13.11.2023 06:33:10.721 GMT-0800,52.483000000000004,52.457,0.12,0.12
13.11.2023 06:33:10.772 GMT-0800,52.474,52.456,0.0009,0.12
13.11.2023 06:33:10.822 GMT-0800,52.483999999999995,52.456,0.12,0.12
13.11.2023 06:33:10.992 GMT-0800,52.473000000000006,52.457,0.0009,0.12
13.11.2023 06:33:11.042 GMT-0800,52.483000000000004,52.457,0.12,0.12
13.11.2023 06:33:11.106 GMT-0800,52.473000000000006,52.457,0.0009,0.12
13.11.2023 06:33:11.884 GMT-0800,52.483999999999995,52.456,0.12,0.12
13.11.2023 06:33:11.963 GMT-0800,52.473000000000006,52.457,0.0009,0.12
13.11.2023 06:33:12.064 GMT-0800,52.483999999999995,52.456,0.12,0.12
13.11.2023 06:33:12.149 GMT-0800,52.473000000000006,52.457,0.0009,0.12
13.11.2023 06:33:12.786 GMT-0800,52.483000000000004,52.457,0.12,0.12
13.11.2023 06:33:13.996 GMT-0800,52.473000000000006,52.457,0.0009,0.12
13.11.2023 06:33:14.529 GMT-0800,52.483000000000004,52.457,0.12,0.12
13.11.2023 06:33:14.580 GMT-0800,52.474,52.456,0.0009,0.12
13.11.2023 06:33:14.631 GMT-0800,52.483999999999995,52.456,0.12,0.12
13.11.2023 06:33:14.726 GMT-0800,52.474,52.456,0.0009,0.12
13.11.2023 06:33:14.777 GMT-0800,52.483000000000004,52.457,0.12,0.12
13.11.2023 06:33:14.839 GMT-0800,52.474,52.456,0.0009,0.12
13.11.2023 06:33:14.890 GMT-0800,52.483999999999995,52.456,0.12,0.12
13.11.2023 06:33:14.949 GMT-0800,52.474,52.456,0.0009,0.12
13.11.2023 06:33:15.000 GMT-0800,52.483999999999995,52.456,0.12,0.12
13.11.2023 06:33:15.060 GMT-0800,52.473000000000006,52.457,0.0009,0.12
13.11.2023 06:33:15.212 GMT-0800,52.483000000000004,52.457,0.12,0.12
13.11.2023 06:33:15.263 GMT-0800,52.473000000000006,52.457,0.0009,0.12
13.11.2023 06:33:15.313 GMT-0800,52.483999999999995,52.456,0.12,0.12
13.11.2023 06:33:15.454 GMT-0800,52.483000000000004,52.457,0.12,0.1
13.11.2023 06:33:24.430 GMT-0800,52.483000000000004,52.467,0.09,0.1
13.11.2023 06:33:24.481 GMT-0800,52.503,52.477,0.12,0.12
13.11.2023 06:33:24.923 GMT-0800,52.494,52.476000000000006,0.12,0.12
13.11.2023 06:33:31.084 GMT-0800,52.483000000000004,52.477,0.0009,0.09
13.11.2023 06:33:31.134 GMT-0800,52.483000000000004,52.467,0.12,0.12
13.11.2023 06:33:32.076 GMT-0800,52.474,52.46600000000001,0.0009,0.09
13.11.2023 06:33:32.126 GMT-0800,52.473000000000006,52.457,0.12,0.12
13.11.2023 06:33:35.454 GMT-0800,52.473000000000006,52.457,0.09,0.1
13.11.2023 06:33:35.505 GMT-0800,52.483000000000004,52.467,0.12,0.12
13.11.2023 06:33:38.916 GMT-0800,52.483000000000004,52.457,0.12,0.12
13.11.2023 06:33:39.222 GMT-0800,52.474,52.456,0.0009,0.12
13.11.2023 06:33:39.558 GMT-0800,52.483999999999995,52.456,0.12,0.12
13.11.2023 06:33:40.585 GMT-0800,52.473000000000006,52.457,0.0009,0.12
13.11.2023 06:33:41.052 GMT-0800,52.483000000000004,52.457,0.12,0.12
13.11.2023 06:33:41.114 GMT-0800,52.474,52.456,0.0009,0.12
13.11.2023 06:33:42.183 GMT-0800,52.483999999999995,52.456,0.12,0.12
13.11.2023 06:33:42.336 GMT-0800,52.474,52.456,0.0009,0.12
13.11.2023 06:33:44.155 GMT-0800,52.474,52.446000000000005,0.12,0.12
13.11.2023 06:33:44.487 GMT-0800,52.463,52.447,0.0009,0.12
13.11.2023 06:33:44.639 GMT-0800,52.474,52.446000000000005,0.12,0.12
13.11.2023 06:33:44.972 GMT-0800,52.464,52.446000000000005,0.0009,0.12
13.11.2023 06:33:45.022 GMT-0800,52.473000000000006,52.447,0.12,0.12
13.11.2023 06:33:45.085 GMT-0800,52.464,52.446000000000005,0.0009,0.12
13.11.2023 06:33:47.591 GMT-0800,52.483999999999995,52.456,0.12,0.12
13.11.2023 06:33:48.684 GMT-0800,52.474,52.456,0.0009,0.12
13.11.2023 06:33:50.063 GMT-0800,52.483999999999995,52.456,0.12,0.12
13.11.2023 06:33:50.167 GMT-0800,52.474,52.456,0.0009,0.12
13.11.2023 06:33:50.909 GMT-0800,52.464,52.446000000000005,0.12,0.12
13.11.2023 06:33:54.392 GMT-0800,52.464,52.43600000000001,0.12,0.12
13.11.2023 06:33:54.532 GMT-0800,52.454,52.43600000000001,0.0009,0.12
13.11.2023 06:33:54.633 GMT-0800,52.463,52.437,0.12,0.12
13.11.2023 06:33:57.361 GMT-0800,52.454,52.43600000000001,0.0009,0.12
13.11.2023 06:33:57.462 GMT-0800,52.453,52.427,0.12,0.12
13.11.2023 06:33:57.513 GMT-0800,52.453,52.427,0.12,0.1
13.11.2023 06:33:58.207 GMT-0800,52.464,52.43600000000001,0.12,0.12
13.11.2023 06:33:58.323 GMT-0800,52.454,52.43600000000001,0.12,0.12
13.11.2023 06:33:58.373 GMT-0800,52.464,52.43600000000001,0.12,0.12
13.11.2023 06:33:58.883 GMT-0800,52.454,52.43600000000001,0.12,0.12
13.11.2023 06:33:59.129 GMT-0800,52.464,52.43600000000001,0.12,0.12
13.11.2023 06:34:00.440 GMT-0800,52.453,52.437,0.0009,0.09
13.11.2023 06:34:00.891 GMT-0800,52.443999999999996,52.426,0.12,0.12
13.11.2023 06:34:01.211 GMT-0800,52.433,52.427,0.0009,0.09
13.11.2023 06:34:01.261 GMT-0800,52.434,52.416000000000004,0.12,0.12
13.11.2023 06:34:02.642 GMT-0800,52.423,52.417,0.0009,0.09
13.11.2023 06:34:02.693 GMT-0800,52.423,52.407,0.0009,0.12
13.11.2023 06:34:03.956 GMT-0800,52.433,52.407,0.12,0.12
13.11.2023 06:34:04.473 GMT-0800,52.423,52.407,0.0009,0.09
13.11.2023 06:34:04.523 GMT-0800,52.423,52.397,0.12,0.12
13.11.2023 06:34:04.722 GMT-0800,52.423,52.397,0.09,0.1
13.11.2023 06:34:04.773 GMT-0800,52.433,52.407,0.12,0.12
13.11.2023 06:34:04.874 GMT-0800,52.433,52.417,0.12,0.12
13.11.2023 06:34:04.925 GMT-0800,52.434,52.406000000000006,0.12,0.12
13.11.2023 06:34:04.976 GMT-0800,52.433,52.417,0.12,0.12
13.11.2023 06:34:05.128 GMT-0800,52.433,52.407,0.12,0.12
13.11.2023 06:34:07.011 GMT-0800,52.434,52.406000000000006,0.09,0.1
13.11.2023 06:34:07.113 GMT-0800,52.443000000000005,52.427,0.09,0.12
13.11.2023 06:34:07.163 GMT-0800,52.454,52.426,0.12,0.12
13.11.2023 06:34:08.703 GMT-0800,52.443000000000005,52.427,0.0009,0.12
13.11.2023 06:34:10.745 GMT-0800,52.443000000000005,52.417,0.12,0.12
13.11.2023 06:34:10.796 GMT-0800,52.443000000000005,52.427,0.12,0.12
13.11.2023 06:34:14.671 GMT-0800,52.454,52.43600000000001,0.12,0.12
13.11.2023 06:34:14.722 GMT-0800,52.464,52.43600000000001,0.12,0.12
13.11.2023 06:34:14.924 GMT-0800,52.464,52.446000000000005,0.12,0.12
13.11.2023 06:34:17.355 GMT-0800,52.454,52.446000000000005,0.0009,0.09
13.11.2023 06:34:17.405 GMT-0800,52.464,52.446000000000005,0.12,0.12
13.11.2023 06:34:23.422 GMT-0800,52.464,52.43600000000001,0.12,0.12
13.11.2023 06:34:23.604 GMT-0800,52.464,52.446000000000005,0.12,0.12
13.11.2023 06:34:24.512 GMT-0800,52.483000000000004,52.467,0.12,0.12
13.11.2023 06:34:24.680 GMT-0800,52.483000000000004,52.467,0.09,0.1
13.11.2023 06:34:24.730 GMT-0800,52.494,52.476000000000006,0.12,0.12
13.11.2023 06:34:27.703 GMT-0800,52.483999999999995,52.476000000000006,0.0009,0.09
13.11.2023 06:34:27.754 GMT-0800,52.494,52.476000000000006,0.12,0.12
13.11.2023 06:34:27.855 GMT-0800,52.493,52.467,0.12,0.12
13.11.2023 06:34:28.021 GMT-0800,52.493,52.467,0.12,0.1
13.11.2023 06:34:28.072 GMT-0800,52.494,52.46600000000001,0.12,0.12
13.11.2023 06:34:28.293 GMT-0800,52.494,52.46600000000001,0.12,0.1
13.11.2023 06:34:28.935 GMT-0800,52.494,52.476000000000006,0.09,0.1
13.11.2023 06:34:28.986 GMT-0800,52.504,52.486000000000004,0.12,0.12
13.11.2023 06:34:30.404 GMT-0800,52.513000000000005,52.487,0.12,0.12
13.11.2023 06:34:30.460 GMT-0800,52.503,52.487,0.0009,0.12
13.11.2023 06:34:40.871 GMT-0800,52.493,52.487,0.0009,0.09
13.11.2023 06:34:40.922 GMT-0800,52.494,52.476000000000006,0.12,0.12
13.11.2023 06:34:41.712 GMT-0800,52.504,52.476000000000006,0.12,0.12
13.11.2023 06:34:42.021 GMT-0800,52.494,52.476000000000006,0.0009,0.12
13.11.2023 06:34:42.300 GMT-0800,52.483999999999995,52.476000000000006,0.0009,0.09
13.11.2023 06:34:42.351 GMT-0800,52.483000000000004,52.467,0.12,0.12
13.11.2023 06:34:43.702 GMT-0800,52.494,52.46600000000001,0.12,0.12
13.11.2023 06:34:43.890 GMT-0800,52.483000000000004,52.467,0.0009,0.12
13.11.2023 06:34:44.142 GMT-0800,52.493,52.467,0.12,0.12
13.11.2023 06:34:44.243 GMT-0800,52.483999999999995,52.46600000000001,0.12,0.12
13.11.2023 06:34:44.880 GMT-0800,52.494,52.46600000000001,0.12,0.12
13.11.2023 06:34:44.931 GMT-0800,52.483000000000004,52.467,0.12,0.12
13.11.2023 06:34:45.037 GMT-0800,52.473000000000006,52.467,0.0009,0.09
13.11.2023 06:34:45.088 GMT-0800,52.483999999999995,52.46600000000001,0.12,0.12
13.11.2023 06:34:45.276 GMT-0800,52.494,52.46600000000001,0.12,0.12
13.11.2023 06:34:46.186 GMT-0800,52.494,52.476000000000006,0.12,0.12
13.11.2023 06:34:47.750 GMT-0800,52.483000000000004,52.467,0.12,0.12
13.11.2023 06:34:47.851 GMT-0800,52.473000000000006,52.457,0.12,0.12
13.11.2023 06:34:50.145 GMT-0800,52.483999999999995,52.456,0.12,0.12
13.11.2023 06:34:50.936 GMT-0800,52.473000000000006,52.457,0.0009,0.12
13.11.2023 06:34:51.213 GMT-0800,52.473000000000006,52.457,0.09,0.1
13.11.2023 06:34:51.263 GMT-0800,52.483999999999995,52.46600000000001,0.12,0.12
13.11.2023 06:34:54.151 GMT-0800,52.494,52.46600000000001,0.12,0.12
13.11.2023 06:34:54.202 GMT-0800,52.483000000000004,52.467,0.0009,0.12
13.11.2023 06:34:56.358 GMT-0800,52.483000000000004,52.457,0.12,0.12
13.11.2023 06:34:57.745 GMT-0800,52.474,52.456,0.12,0.12
13.11.2023 06:34:58.720 GMT-0800,52.464,52.446000000000005,0.12,0.12
13.11.2023 06:34:59.370 GMT-0800,52.483999999999995,52.456,0.12,0.12
13.11.2023 06:35:00.214 GMT-0800,52.473000000000006,52.457,0.0009,0.09
13.11.2023 06:35:00.453 GMT-0800,52.474,52.446000000000005,0.12,0.12
13.11.2023 06:35:00.623 GMT-0800,52.473000000000006,52.447,0.12,0.1
13.11.2023 06:35:01.029 GMT-0800,52.474,52.446000000000005,0.12,0.12
13.11.2023 06:35:04.575 GMT-0800,52.474,52.446000000000005,0.12,0.1
13.11.2023 06:35:07.498 GMT-0800,52.474,52.456,0.09,0.1
13.11.2023 06:35:07.549 GMT-0800,52.493,52.467,0.12,0.12
13.11.2023 06:35:07.828 GMT-0800,52.494,52.476000000000006,0.12,0.12
13.11.2023 06:35:08.534 GMT-0800,52.483000000000004,52.477,0.0009,0.09
13.11.2023 06:35:08.631 GMT-0800,52.483000000000004,52.467,0.12,0.12
13.11.2023 06:35:11.639 GMT-0800,52.493,52.467,0.12,0.12
13.11.2023 06:35:11.722 GMT-0800,52.494,52.46600000000001,0.12,0.1
13.11.2023 06:35:12.444 GMT-0800,52.493,52.467,0.12,0.12
13.11.2023 06:35:12.806 GMT-0800,52.483999999999995,52.46600000000001,0.12,0.12
13.11.2023 06:35:13.543 GMT-0800,52.493,52.467,0.12,0.12
13.11.2023 06:35:14.039 GMT-0800,52.483000000000004,52.467,0.0009,0.12
13.11.2023 06:35:14.383 GMT-0800,52.494,52.46600000000001,0.12,0.12
13.11.2023 06:35:15.157 GMT-0800,52.493,52.467,0.12,0.1
13.11.2023 06:35:17.718 GMT-0800,52.494,52.476000000000006,0.09,0.1
13.11.2023 06:35:17.769 GMT-0800,52.503,52.487,0.12,0.12
13.11.2023 06:35:18.403 GMT-0800,52.503,52.487,0.09,0.1
13.11.2023 06:35:18.454 GMT-0800,52.524,52.496,0.12,0.12
13.11.2023 06:35:18.505 GMT-0800,52.523,52.497,0.12,0.1
13.11.2023 06:35:18.853 GMT-0800,52.523,52.497,0.12,0.12
13.11.2023 06:35:20.248 GMT-0800,52.513000000000005,52.497,0.0009,0.12
13.11.2023 06:35:27.541 GMT-0800,52.523,52.507,0.12,0.12
13.11.2023 06:35:31.971 GMT-0800,52.504,52.486000000000004,0.12,0.12
13.11.2023 06:35:35.429 GMT-0800,52.524,52.496,0.12,0.12
13.11.2023 06:35:39.838 GMT-0800,52.524,52.496,0.12,0.1
13.11.2023 06:35:40.020 GMT-0800,52.534,52.50600000000001,0.12,0.12
13.11.2023 06:35:40.367 GMT-0800,52.524,52.50600000000001,0.0009,0.12
13.11.2023 06:35:41.876 GMT-0800,52.513999999999996,52.50600000000001,0.0009,0.09
13.11.2023 06:35:41.927 GMT-0800,52.513999999999996,52.496,0.12,0.12
13.11.2023 06:35:42.968 GMT-0800,52.513000000000005,52.487,0.12,0.12
13.11.2023 06:35:43.021 GMT-0800,52.513999999999996,52.486000000000004,0.12,0.1
13.11.2023 06:35:45.175 GMT-0800,52.523,52.497,0.12,0.12
13.11.2023 06:35:45.873 GMT-0800,52.513000000000005,52.497,0.0009,0.12
13.11.2023 06:35:48.965 GMT-0800,52.513999999999996,52.496,0.09,0.1
13.11.2023 06:35:49.016 GMT-0800,52.523,52.507,0.12,0.12
13.11.2023 06:35:52.644 GMT-0800,52.523,52.497,0.12,0.12
13.11.2023 06:35:52.827 GMT-0800,52.523,52.497,0.12,0.1
13.11.2023 06:35:53.720 GMT-0800,52.513000000000005,52.507,0.0009,0.09
13.11.2023 06:35:53.771 GMT-0800,52.513000000000005,52.497,0.12,0.12
13.11.2023 06:35:53.995 GMT-0800,52.513000000000005,52.497,0.09,0.1
13.11.2023 06:35:54.045 GMT-0800,52.523,52.507,0.12,0.12
13.11.2023 06:35:55.059 GMT-0800,52.513000000000005,52.507,0.0009,0.09
13.11.2023 06:35:55.110 GMT-0800,52.513999999999996,52.496,0.12,0.12
13.11.2023 06:35:57.074 GMT-0800,52.503,52.497,0.0009,0.09
13.11.2023 06:35:57.125 GMT-0800,52.513000000000005,52.487,0.12,0.12
13.11.2023 06:35:57.380 GMT-0800,52.513999999999996,52.486000000000004,0.12,0.1
13.11.2023 06:35:58.119 GMT-0800,52.513000000000005,52.497,0.09,0.1
13.11.2023 06:35:58.170 GMT-0800,52.524,52.50600000000001,0.12,0.12
13.11.2023 06:35:58.895 GMT-0800,52.513000000000005,52.497,0.12,0.12
13.11.2023 06:35:59.456 GMT-0800,52.513000000000005,52.487,0.12,0.12
13.11.2023 06:35:59.507 GMT-0800,52.513000000000005,52.497,0.12,0.12
13.11.2023 06:35:59.557 GMT-0800,52.513000000000005,52.487,0.12,0.12
13.11.2023 06:35:59.968 GMT-0800,52.513999999999996,52.486000000000004,0.12,0.1
13.11.2023 06:36:00.235 GMT-0800,52.513999999999996,52.486000000000004,0.12,0.12
13.11.2023 06:36:00.286 GMT-0800,52.504,52.486000000000004,0.0009,0.12
13.11.2023 06:36:00.935 GMT-0800,52.503,52.487,0.09,0.1
13.11.2023 06:36:00.986 GMT-0800,52.503,52.487,0.12,0.12
13.11.2023 06:36:05.180 GMT-0800,52.504,52.486000000000004,0.09,0.1
13.11.2023 06:36:05.232 GMT-0800,52.513000000000005,52.497,0.12,0.12
13.11.2023 06:36:06.713 GMT-0800,52.503,52.497,0.0009,0.09
13.11.2023 06:36:06.764 GMT-0800,52.513000000000005,52.497,0.12,0.12
13.11.2023 06:36:07.036 GMT-0800,52.503,52.497,0.0009,0.09
13.11.2023 06:36:07.087 GMT-0800,52.503,52.487,0.12,0.12
13.11.2023 06:36:07.238 GMT-0800,52.513999999999996,52.496,0.12,0.12
13.11.2023 06:36:08.235 GMT-0800,52.513000000000005,52.487,0.12,0.12
13.11.2023 06:36:08.389 GMT-0800,52.513000000000005,52.487,0.12,0.1
13.11.2023 06:36:08.591 GMT-0800,52.523,52.497,0.12,0.12
13.11.2023 06:36:08.642 GMT-0800,52.513999999999996,52.496,0.12,0.12
13.11.2023 06:36:08.792 GMT-0800,52.513000000000005,52.497,0.09,0.1
13.11.2023 06:36:08.843 GMT-0800,52.523,52.507,0.12,0.12
13.11.2023 06:36:09.106 GMT-0800,52.524,52.496,0.12,0.12
13.11.2023 06:36:09.439 GMT-0800,52.513999999999996,52.496,0.0009,0.12
13.11.2023 06:36:11.954 GMT-0800,52.513999999999996,52.496,0.09,0.1
13.11.2023 06:36:12.005 GMT-0800,52.524,52.50600000000001,0.12,0.12
13.11.2023 06:36:14.984 GMT-0800,52.543000000000006,52.527,0.12,0.12
13.11.2023 06:36:15.246 GMT-0800,52.534,52.516000000000005,0.12,0.12
13.11.2023 06:36:15.297 GMT-0800,52.543000000000006,52.516999999999996,0.12,0.12
13.11.2023 06:36:15.348 GMT-0800,52.534,52.516000000000005,0.12,0.12
13.11.2023 06:36:15.482 GMT-0800,52.544,52.516000000000005,0.12,0.12
13.11.2023 06:36:15.583 GMT-0800,52.533,52.516999999999996,0.0009,0.12
13.11.2023 06:36:16.727 GMT-0800,52.533,52.516999999999996,0.09,0.1
13.11.2023 06:36:16.778 GMT-0800,52.544,52.516000000000005,0.12,0.12
13.11.2023 06:36:16.961 GMT-0800,52.533,52.516999999999996,0.0009,0.12
13.11.2023 06:36:17.957 GMT-0800,52.523,52.516999999999996,0.0009,0.09
13.11.2023 06:36:18.058 GMT-0800,52.524,52.50600000000001,0.12,0.12
13.11.2023 06:36:19.273 GMT-0800,52.534,52.50600000000001,0.12,0.12
13.11.2023 06:36:19.640 GMT-0800,52.523,52.507,0.0009,0.12
13.11.2023 06:36:20.834 GMT-0800,52.524,52.50600000000001,0.09,0.1
13.11.2023 06:36:20.885 GMT-0800,52.523,52.507,0.12,0.12
13.11.2023 06:36:21.250 GMT-0800,52.533,52.516999999999996,0.12,0.12
13.11.2023 06:36:21.854 GMT-0800,52.524,52.516000000000005,0.0009,0.09
13.11.2023 06:36:21.904 GMT-0800,52.534,52.516000000000005,0.12,0.12
13.11.2023 06:36:22.128 GMT-0800,52.543000000000006,52.516999999999996,0.12,0.12
13.11.2023 06:36:22.213 GMT-0800,52.533,52.516999999999996,0.0009,0.12
13.11.2023 06:36:22.962 GMT-0800,52.543000000000006,52.516999999999996,0.12,0.12
13.11.2023 06:36:23.620 GMT-0800,52.534,52.516000000000005,0.12,0.12
13.11.2023 06:36:25.886 GMT-0800,52.543000000000006,52.516999999999996,0.12,0.12
13.11.2023 06:36:27.095 GMT-0800,52.533,52.516999999999996,0.0009,0.12
13.11.2023 06:36:27.196 GMT-0800,52.544,52.516000000000005,0.12,0.12
13.11.2023 06:36:27.314 GMT-0800,52.534,52.516000000000005,0.0009,0.12
13.11.2023 06:36:27.465 GMT-0800,52.544,52.516000000000005,0.12,0.12
13.11.2023 06:36:28.701 GMT-0800,52.553999999999995,52.526,0.12,0.12
13.11.2023 06:36:28.850 GMT-0800,52.553000000000004,52.527,0.12,0.1
13.11.2023 06:36:31.372 GMT-0800,52.564,52.536,0.12,0.12
13.11.2023 06:36:31.627 GMT-0800,52.553999999999995,52.536,0.0009,0.12
13.11.2023 06:36:31.958 GMT-0800,52.564,52.536,0.12,0.12
13.11.2023 06:36:32.223 GMT-0800,52.553999999999995,52.536,0.0009,0.12
13.11.2023 06:36:32.575 GMT-0800,52.563,52.537,0.12,0.12
13.11.2023 06:36:32.642 GMT-0800,52.553000000000004,52.537,0.0009,0.12
13.11.2023 06:36:33.767 GMT-0800,52.553999999999995,52.526,0.12,0.12
13.11.2023 06:36:33.818 GMT-0800,52.544,52.526,0.12,0.12
13.11.2023 06:36:33.871 GMT-0800,52.553999999999995,52.526,0.12,0.12
13.11.2023 06:36:33.922 GMT-0800,52.543000000000006,52.527,0.12,0.12
13.11.2023 06:36:34.425 GMT-0800,52.553999999999995,52.526,0.12,0.12
13.11.2023 06:36:34.495 GMT-0800,52.553000000000004,52.527,0.12,0.1
13.11.2023 06:36:35.047 GMT-0800,52.543000000000006,52.537,0.0009,0.09
13.11.2023 06:36:35.148 GMT-0800,52.543000000000006,52.527,0.12,0.12
13.11.2023 06:36:35.479 GMT-0800,52.553000000000004,52.527,0.12,0.12
13.11.2023 06:36:35.551 GMT-0800,52.543000000000006,52.527,0.0009,0.12
13.11.2023 06:36:35.601 GMT-0800,52.553999999999995,52.526,0.12,0.12
13.11.2023 06:36:35.747 GMT-0800,52.543000000000006,52.527,0.0009,0.12
13.11.2023 06:36:36.070 GMT-0800,52.533,52.527,0.0009,0.09
13.11.2023 06:36:36.120 GMT-0800,52.533,52.516999999999996,0.12,0.12
13.11.2023 06:36:36.275 GMT-0800,52.523,52.507,0.12,0.12
13.11.2023 06:36:43.876 GMT-0800,52.524,52.50600000000001,0.09,0.1
13.11.2023 06:36:43.927 GMT-0800,52.524,52.50600000000001,0.12,0.12
13.11.2023 06:36:45.223 GMT-0800,52.513999999999996,52.50600000000001,0.0009,0.09
13.11.2023 06:36:45.324 GMT-0800,52.513000000000005,52.497,0.12,0.12
13.11.2023 06:36:46.191 GMT-0800,52.513999999999996,52.496,0.09,0.1
13.11.2023 06:36:46.242 GMT-0800,52.524,52.50600000000001,0.12,0.12
13.11.2023 06:36:48.416 GMT-0800,52.513000000000005,52.507,0.0009,0.09
13.11.2023 06:36:48.467 GMT-0800,52.513999999999996,52.496,0.12,0.12
13.11.2023 06:36:48.996 GMT-0800,52.513000000000005,52.497,0.09,0.1
13.11.2023 06:36:49.047 GMT-0800,52.534,52.516000000000005,0.12,0.12
13.11.2023 06:36:50.291 GMT-0800,52.524,52.50600000000001,0.12,0.12
13.11.2023 06:36:51.566 GMT-0800,52.523,52.507,0.09,0.1
13.11.2023 06:36:51.617 GMT-0800,52.523,52.507,0.12,0.12
13.11.2023 06:36:53.539 GMT-0800,52.513000000000005,52.507,0.0009,0.09
13.11.2023 06:36:53.590 GMT-0800,52.513999999999996,52.496,0.12,0.12
13.11.2023 06:36:55.397 GMT-0800,52.513999999999996,52.496,0.09,0.1
13.11.2023 06:36:55.449 GMT-0800,52.513000000000005,52.497,0.09,0.12
13.11.2023 06:36:55.499 GMT-0800,52.534,52.516000000000005,0.12,0.12
13.11.2023 06:36:56.634 GMT-0800,52.524,52.516000000000005,0.0009,0.09
13.11.2023 06:36:56.684 GMT-0800,52.523,52.507,0.12,0.12
13.11.2023 06:36:58.383 GMT-0800,52.534,52.516000000000005,0.12,0.12
13.11.2023 06:37:01.855 GMT-0800,52.543000000000006,52.516999999999996,0.12,0.12
13.11.2023 06:37:02.321 GMT-0800,52.544,52.516000000000005,0.12,0.1
13.11.2023 06:37:02.473 GMT-0800,52.553999999999995,52.536,0.12,0.12
13.11.2023 06:37:02.733 GMT-0800,52.544,52.536,0.0009,0.09
13.11.2023 06:37:02.784 GMT-0800,52.544,52.526,0.12,0.12
13.11.2023 06:37:07.689 GMT-0800,52.553000000000004,52.537,0.12,0.12
13.11.2023 06:37:09.227 GMT-0800,52.544,52.536,0.0009,0.09
13.11.2023 06:37:09.278 GMT-0800,52.543000000000006,52.527,0.12,0.12
13.11.2023 06:37:10.242 GMT-0800,52.543000000000006,52.527,0.09,0.1
13.11.2023 06:37:10.293 GMT-0800,52.553000000000004,52.537,0.12,0.12
13.11.2023 06:37:12.637 GMT-0800,52.544,52.526,0.12,0.12
13.11.2023 06:37:21.695 GMT-0800,52.543000000000006,52.527,0.09,0.1
13.11.2023 06:37:21.746 GMT-0800,52.553999999999995,52.536,0.12,0.12
13.11.2023 06:37:33.791 GMT-0800,52.553000000000004,52.527,0.12,0.12
13.11.2023 06:37:33.841 GMT-0800,52.553999999999995,52.536,0.12,0.12
13.11.2023 06:37:35.371 GMT-0800,52.553000000000004,52.527,0.12,0.12
13.11.2023 06:37:36.328 GMT-0800,52.544,52.526,0.0009,0.12
13.11.2023 06:37:38.192 GMT-0800,52.553999999999995,52.526,0.12,0.12
13.11.2023 06:37:38.331 GMT-0800,52.544,52.526,0.0009,0.12
13.11.2023 06:37:38.432 GMT-0800,52.553999999999995,52.526,0.12,0.12
13.11.2023 06:37:38.483 GMT-0800,52.543000000000006,52.527,0.12,0.12
13.11.2023 06:37:38.635 GMT-0800,52.553999999999995,52.526,0.12,0.12
13.11.2023 06:37:38.685 GMT-0800,52.553999999999995,52.536,0.12,0.12
13.11.2023 06:37:41.516 GMT-0800,52.553999999999995,52.536,0.09,0.1
13.11.2023 06:37:41.566 GMT-0800,52.563,52.547,0.12,0.12
13.11.2023 06:37:42.478 GMT-0800,52.563,52.537,0.12,0.12
13.11.2023 06:37:42.529 GMT-0800,52.553000000000004,52.537,0.12,0.12
13.11.2023 06:37:44.372 GMT-0800,52.553000000000004,52.527,0.12,0.12
13.11.2023 06:37:44.423 GMT-0800,52.553999999999995,52.526,0.12,0.1
13.11.2023 06:37:45.016 GMT-0800,52.553000000000004,52.527,0.12,0.12
13.11.2023 06:37:45.091 GMT-0800,52.543000000000006,52.527,0.0009,0.12
13.11.2023 06:37:46.507 GMT-0800,52.553999999999995,52.536,0.12,0.12
13.11.2023 06:37:49.527 GMT-0800,52.543000000000006,52.537,0.0009,0.09
13.11.2023 06:37:49.628 GMT-0800,52.543000000000006,52.516999999999996,0.12,0.12
13.11.2023 06:37:50.211 GMT-0800,52.543000000000006,52.516999999999996,0.12,0.1
13.11.2023 06:37:50.263 GMT-0800,52.543000000000006,52.516999999999996,0.12,0.12
13.11.2023 06:37:50.358 GMT-0800,52.543000000000006,52.516999999999996,0.12,0.1
13.11.2023 06:37:50.654 GMT-0800,52.544,52.516000000000005,0.12,0.12
13.11.2023 06:37:50.705 GMT-0800,52.544,52.516000000000005,0.12,0.1
13.11.2023 06:37:51.109 GMT-0800,52.543000000000006,52.516999999999996,0.12,0.12
13.11.2023 06:37:51.750 GMT-0800,52.543000000000006,52.516999999999996,0.12,0.1
13.11.2023 06:37:51.873 GMT-0800,52.533,52.516999999999996,0.12,0.12
13.11.2023 06:37:52.664 GMT-0800,52.534,52.516000000000005,0.09,0.1
13.11.2023 06:37:52.714 GMT-0800,52.543000000000006,52.527,0.12,0.12
13.11.2023 06:37:52.846 GMT-0800,52.544,52.516000000000005,0.12,0.12
13.11.2023 06:37:54.039 GMT-0800,52.533,52.516999999999996,0.12,0.12
13.11.2023 06:37:57.541 GMT-0800,52.534,52.50600000000001,0.12,0.12
13.11.2023 06:37:59.901 GMT-0800,52.524,52.50600000000001,0.0009,0.12
13.11.2023 06:38:00.069 GMT-0800,52.524,52.50600000000001,0.09,0.1
13.11.2023 06:38:00.120 GMT-0800,52.534,52.516000000000005,0.12,0.12
13.11.2023 06:38:00.893 GMT-0800,52.523,52.516999999999996,0.0009,0.09
13.11.2023 06:38:00.943 GMT-0800,52.524,52.50600000000001,0.12,0.12
13.11.2023 06:38:06.600 GMT-0800,52.524,52.50600000000001,0.09,0.1
13.11.2023 06:38:06.651 GMT-0800,52.533,52.516999999999996,0.12,0.12
13.11.2023 06:38:10.899 GMT-0800,52.524,52.516000000000005,0.0009,0.09
13.11.2023 06:38:10.950 GMT-0800,52.533,52.516999999999996,0.12,0.12
13.11.2023 06:38:14.734 GMT-0800,52.533,52.516999999999996,0.09,0.1
13.11.2023 06:38:14.785 GMT-0800,52.544,52.526,0.12,0.12
13.11.2023 06:38:19.984 GMT-0800,52.543000000000006,52.527,0.09,0.1
13.11.2023 06:38:20.036 GMT-0800,52.553000000000004,52.537,0.12,0.12
13.11.2023 06:38:22.495 GMT-0800,52.543000000000006,52.537,0.0009,0.09
13.11.2023 06:38:22.546 GMT-0800,52.543000000000006,52.527,0.12,0.12
13.11.2023 06:38:27.091 GMT-0800,52.543000000000006,52.527,0.09,0.1
13.11.2023 06:38:27.141 GMT-0800,52.553000000000004,52.537,0.12,0.12
13.11.2023 06:38:27.920 GMT-0800,52.553000000000004,52.537,0.09,0.1
13.11.2023 06:38:27.971 GMT-0800,52.563,52.547,0.12,0.12
13.11.2023 06:38:31.050 GMT-0800,52.553999999999995,52.54600000000001,0.0009,0.09
13.11.2023 06:38:31.151 GMT-0800,52.553000000000004,52.537,0.12,0.12
13.11.2023 06:38:33.518 GMT-0800,52.564,52.54600000000001,0.12,0.12
13.11.2023 06:38:36.486 GMT-0800,52.553000000000004,52.547,0.0009,0.09
13.11.2023 06:38:36.537 GMT-0800,52.553999999999995,52.536,0.12,0.12
13.11.2023 06:38:39.101 GMT-0800,52.544,52.536,0.0009,0.09
13.11.2023 06:38:39.216 GMT-0800,52.543000000000006,52.527,0.12,0.12
13.11.2023 06:38:40.955 GMT-0800,52.533,52.516999999999996,0.12,0.12
13.11.2023 06:38:41.068 GMT-0800,52.544,52.526,0.12,0.12
13.11.2023 06:38:42.817 GMT-0800,52.533,52.527,0.0009,0.09
13.11.2023 06:38:42.868 GMT-0800,52.534,52.516000000000005,0.12,0.12
13.11.2023 06:38:43.041 GMT-0800,52.534,52.516000000000005,0.09,0.1
13.11.2023 06:38:43.092 GMT-0800,52.544,52.526,0.12,0.12
13.11.2023 06:38:44.540 GMT-0800,52.553999999999995,52.526,0.12,0.12
13.11.2023 06:38:44.844 GMT-0800,52.544,52.526,0.0009,0.12
13.11.2023 06:38:47.455 GMT-0800,52.544,52.526,0.09,0.1
13.11.2023 06:38:47.506 GMT-0800,52.553000000000004,52.537,0.12,0.12
13.11.2023 06:38:50.757 GMT-0800,52.564,52.54600000000001,0.12,0.12
13.11.2023 06:39:00.091 GMT-0800,52.574,52.556000000000004,0.12,0.12
13.11.2023 06:39:06.187 GMT-0800,52.583999999999996,52.556000000000004,0.12,0.12
13.11.2023 06:39:07.159 GMT-0800,52.574,52.556000000000004,0.0009,0.12
13.11.2023 06:39:09.734 GMT-0800,52.583999999999996,52.556000000000004,0.12,0.12
13.11.2023 06:39:09.896 GMT-0800,52.573,52.557,0.0009,0.12
13.11.2023 06:39:11.463 GMT-0800,52.583000000000006,52.557,0.12,0.12
13.11.2023 06:39:11.990 GMT-0800,52.573,52.557,0.09,0.12
13.11.2023 06:39:12.041 GMT-0800,52.583999999999996,52.556000000000004,0.12,0.12
13.11.2023 06:39:12.667 GMT-0800,52.573,52.557,0.0009,0.12
13.11.2023 06:39:13.393 GMT-0800,52.564,52.54600000000001,0.12,0.12
13.11.2023 06:39:13.575 GMT-0800,52.573,52.557,0.12,0.12
13.11.2023 06:39:19.080 GMT-0800,52.563,52.557,0.0009,0.09
13.11.2023 06:39:19.182 GMT-0800,52.563,52.547,0.12,0.12
13.11.2023 06:39:19.509 GMT-0800,52.573,52.547,0.12,0.12
13.11.2023 06:39:20.823 GMT-0800,52.564,52.54600000000001,0.0009,0.12
13.11.2023 06:39:22.028 GMT-0800,52.574,52.54600000000001,0.12,0.12
13.11.2023 06:39:22.538 GMT-0800,52.563,52.547,0.0009,0.12
13.11.2023 06:39:25.139 GMT-0800,52.563,52.547,0.09,0.1
13.11.2023 06:39:25.190 GMT-0800,52.574,52.556000000000004,0.12,0.12
13.11.2023 06:39:27.783 GMT-0800,52.564,52.556000000000004,0.0009,0.09
13.11.2023 06:39:27.834 GMT-0800,52.564,52.54600000000001,0.12,0.12
13.11.2023 06:39:32.788 GMT-0800,52.553000000000004,52.537,0.12,0.12
13.11.2023 06:39:33.157 GMT-0800,52.563,52.537,0.12,0.12
13.11.2023 06:39:33.213 GMT-0800,52.553999999999995,52.536,0.12,0.12
13.11.2023 06:39:34.018 GMT-0800,52.563,52.537,0.12,0.12
13.11.2023 06:39:34.069 GMT-0800,52.553000000000004,52.537,0.12,0.12
13.11.2023 06:39:35.874 GMT-0800,52.543000000000006,52.537,0.0009,0.09
13.11.2023 06:39:35.925 GMT-0800,52.544,52.526,0.12,0.12
13.11.2023 06:39:36.041 GMT-0800,52.533,52.516999999999996,0.12,0.12
13.11.2023 06:39:37.923 GMT-0800,52.544,52.516000000000005,0.12,0.12
13.11.2023 06:39:38.046 GMT-0800,52.533,52.516999999999996,0.0009,0.12
13.11.2023 06:39:38.240 GMT-0800,52.544,52.516000000000005,0.12,0.12
13.11.2023 06:39:38.312 GMT-0800,52.534,52.516000000000005,0.0009,0.12
13.11.2023 06:39:38.802 GMT-0800,52.544,52.516000000000005,0.12,0.12
13.11.2023 06:39:38.879 GMT-0800,52.544,52.516000000000005,0.12,0.1
13.11.2023 06:39:40.071 GMT-0800,52.533,52.527,0.0009,0.09
13.11.2023 06:39:40.121 GMT-0800,52.534,52.516000000000005,0.12,0.12
13.11.2023 06:39:45.645 GMT-0800,52.534,52.516000000000005,0.09,0.1
13.11.2023 06:39:45.695 GMT-0800,52.553000000000004,52.537,0.12,0.12
13.11.2023 06:39:45.820 GMT-0800,52.553000000000004,52.537,0.09,0.1
13.11.2023 06:39:45.871 GMT-0800,52.564,52.54600000000001,0.12,0.12
13.11.2023 06:39:45.972 GMT-0800,52.553000000000004,52.537,0.12,0.12
13.11.2023 06:40:00.547 GMT-0800,52.553999999999995,52.536,0.09,0.1
13.11.2023 06:40:00.598 GMT-0800,52.564,52.54600000000001,0.12,0.09
13.11.2023 06:40:00.726 GMT-0800,52.564,52.536,0.12,0.12
13.11.2023 06:40:02.472 GMT-0800,52.553000000000004,52.537,0.0009,0.12
13.11.2023 06:40:02.985 GMT-0800,52.543000000000006,52.537,0.0009,0.09
13.11.2023 06:40:03.036 GMT-0800,52.543000000000006,52.527,0.12,0.12
13.11.2023 06:40:03.642 GMT-0800,52.543000000000006,52.527,0.09,0.1
13.11.2023 06:40:03.692 GMT-0800,52.553999999999995,52.536,0.12,0.12
13.11.2023 06:40:03.748 GMT-0800,52.553999999999995,52.536,0.09,0.1
13.11.2023 06:40:03.799 GMT-0800,52.564,52.54600000000001,0.12,0.12
13.11.2023 06:40:04.152 GMT-0800,52.553000000000004,52.547,0.0009,0.09
13.11.2023 06:40:04.203 GMT-0800,52.553999999999995,52.536,0.12,0.12
13.11.2023 06:40:06.188 GMT-0800,52.563,52.547,0.12,0.12
13.11.2023 06:40:13.250 GMT-0800,52.593999999999994,52.57600000000001,0.12,0.12
13.11.2023 06:40:18.048 GMT-0800,52.583000000000006,52.577,0.0009,0.09
13.11.2023 06:40:18.099 GMT-0800,52.593999999999994,52.566,0.12,0.12
13.11.2023 06:40:18.150 GMT-0800,52.593,52.567,0.12,0.1
13.11.2023 06:40:18.252 GMT-0800,52.583000000000006,52.567,0.12,0.12
13.11.2023 06:40:19.140 GMT-0800,52.593999999999994,52.566,0.12,0.12
13.11.2023 06:40:19.212 GMT-0800,52.583000000000006,52.567,0.0009,0.12
13.11.2023 06:40:20.651 GMT-0800,52.583999999999996,52.566,0.09,0.1
13.11.2023 06:40:20.702 GMT-0800,52.593,52.577,0.12,0.12
13.11.2023 06:40:31.466 GMT-0800,52.593,52.577,0.09,0.1
13.11.2023 06:40:31.518 GMT-0800,52.604,52.586000000000006,0.12,0.12
13.11.2023 06:40:37.438 GMT-0800,52.603,52.586999999999996,0.09,0.1
13.11.2023 06:40:37.488 GMT-0800,52.603,52.586999999999996,0.09,0.12
13.11.2023 06:40:37.539 GMT-0800,52.623999999999995,52.606,0.12,0.12
13.11.2023 06:40:37.640 GMT-0800,52.633,52.607,0.12,0.12
13.11.2023 06:40:38.729 GMT-0800,52.633,52.607,0.09,0.1
13.11.2023 06:40:40.789 GMT-0800,52.623000000000005,52.617,0.0009,0.09
13.11.2023 06:40:40.987 GMT-0800,52.623999999999995,52.606,0.12,0.12
13.11.2023 06:40:41.844 GMT-0800,52.634,52.606,0.12,0.12
13.11.2023 06:40:41.945 GMT-0800,52.623999999999995,52.606,0.12,0.12
13.11.2023 06:40:42.150 GMT-0800,52.634,52.61600000000001,0.12,0.12
13.11.2023 06:40:42.583 GMT-0800,52.634,52.606,0.12,0.12
13.11.2023 06:40:42.859 GMT-0800,52.633,52.607,0.12,0.1
13.11.2023 06:40:46.737 GMT-0800,52.623999999999995,52.61600000000001,0.0009,0.09
13.11.2023 06:40:46.788 GMT-0800,52.623000000000005,52.607,0.12,0.12
13.11.2023 06:40:46.940 GMT-0800,52.623999999999995,52.606,0.09,0.1
13.11.2023 06:40:46.991 GMT-0800,52.634,52.61600000000001,0.12,0.12
13.11.2023 06:40:49.115 GMT-0800,52.633,52.617,0.09,0.1
13.11.2023 06:40:49.166 GMT-0800,52.653000000000006,52.637,0.12,0.12
13.11.2023 06:40:49.777 GMT-0800,52.644,52.636,0.0009,0.09
13.11.2023 06:40:49.828 GMT-0800,52.643,52.627,0.12,0.12
13.11.2023 06:40:50.945 GMT-0800,52.634,52.626000000000005,0.0009,0.09
13.11.2023 06:40:50.996 GMT-0800,52.634,52.61600000000001,0.12,0.12
13.11.2023 06:41:10.292 GMT-0800,52.633,52.617,0.09,0.1
13.11.2023 06:41:10.343 GMT-0800,52.644,52.626000000000005,0.12,0.12
13.11.2023 06:41:10.394 GMT-0800,52.633,52.617,0.12,0.12
13.11.2023 06:41:12.008 GMT-0800,52.623999999999995,52.61600000000001,0.0009,0.09
13.11.2023 06:41:12.167 GMT-0800,52.623000000000005,52.607,0.12,0.12
13.11.2023 06:41:12.907 GMT-0800,52.614,52.606,0.0009,0.09
13.11.2023 06:41:13.117 GMT-0800,52.614,52.596000000000004,0.12,0.12
13.11.2023 06:41:16.898 GMT-0800,52.593999999999994,52.57600000000001,0.12,0.12
13.11.2023 06:41:17.031 GMT-0800,52.603,52.586999999999996,0.12,0.12
13.11.2023 06:41:21.356 GMT-0800,52.593,52.577,0.12,0.12
13.11.2023 06:41:21.502 GMT-0800,52.603,52.577,0.12,0.12
13.11.2023 06:41:21.604 GMT-0800,52.593999999999994,52.586000000000006,0.0009,0.09
13.11.2023 06:41:21.659 GMT-0800,52.593999999999994,52.57600000000001,0.12,0.12
13.11.2023 06:41:35.892 GMT-0800,52.583999999999996,52.57600000000001,0.0009,0.09
13.11.2023 06:41:35.943 GMT-0800,52.574,52.556000000000004,0.12,0.12
13.11.2023 06:41:35.994 GMT-0800,52.573,52.547,0.12,0.12
13.11.2023 06:41:36.045 GMT-0800,52.563,52.547,0.0009,0.12
13.11.2023 06:41:36.332 GMT-0800,52.574,52.556000000000004,0.12,0.09
13.11.2023 06:41:36.383 GMT-0800,52.574,52.54600000000001,0.12,0.12
13.11.2023 06:41:36.434 GMT-0800,52.574,52.556000000000004,0.12,0.12
13.11.2023 06:41:36.541 GMT-0800,52.574,52.54600000000001,0.12,0.12
13.11.2023 06:41:36.742 GMT-0800,52.574,52.54600000000001,0.12,0.1
13.11.2023 06:41:37.356 GMT-0800,52.573,52.547,0.12,0.12
13.11.2023 06:41:37.930 GMT-0800,52.574,52.54600000000001,0.12,0.1
13.11.2023 06:41:38.031 GMT-0800,52.573,52.547,0.12,0.12
13.11.2023 06:41:38.115 GMT-0800,52.573,52.547,0.12,0.1
13.11.2023 06:41:38.666 GMT-0800,52.574,52.54600000000001,0.12,0.12
13.11.2023 06:41:39.035 GMT-0800,52.574,52.54600000000001,0.12,0.1
13.11.2023 06:41:40.983 GMT-0800,52.583000000000006,52.567,0.12,0.12
13.11.2023 06:41:42.284 GMT-0800,52.583000000000006,52.557,0.12,0.12
13.11.2023 06:41:42.335 GMT-0800,52.583000000000006,52.567,0.12,0.12
13.11.2023 06:41:42.564 GMT-0800,52.583999999999996,52.556000000000004,0.12,0.12
13.11.2023 06:41:42.948 GMT-0800,52.574,52.556000000000004,0.0009,0.12
13.11.2023 06:41:46.501 GMT-0800,52.574,52.556000000000004,0.09,0.1
13.11.2023 06:41:46.552 GMT-0800,52.583000000000006,52.567,0.12,0.12
13.11.2023 06:41:46.653 GMT-0800,52.583000000000006,52.557,0.12,0.12
13.11.2023 06:41:47.906 GMT-0800,52.583999999999996,52.556000000000004,0.12,0.1
13.11.2023 06:41:48.008 GMT-0800,52.593999999999994,52.566,0.12,0.12
13.11.2023 06:41:48.058 GMT-0800,52.593999999999994,52.57600000000001,0.12,0.12
13.11.2023 06:41:48.194 GMT-0800,52.593999999999994,52.566,0.12,0.12
13.11.2023 06:41:48.252 GMT-0800,52.593999999999994,52.566,0.12,0.1
13.11.2023 06:41:55.993 GMT-0800,52.593999999999994,52.566,0.12,0.12
13.11.2023 06:41:56.839 GMT-0800,52.583000000000006,52.567,0.0009,0.12
13.11.2023 06:41:57.158 GMT-0800,52.583000000000006,52.557,0.12,0.12
13.11.2023 06:41:57.209 GMT-0800,52.573,52.557,0.12,0.12
13.11.2023 06:41:59.974 GMT-0800,52.583999999999996,52.566,0.12,0.12
13.11.2023 06:42:00.784 GMT-0800,52.573,52.567,0.0009,0.09
13.11.2023 06:42:00.835 GMT-0800,52.574,52.556000000000004,0.12,0.12
13.11.2023 06:42:02.804 GMT-0800,52.574,52.556000000000004,0.09,0.1
13.11.2023 06:42:02.854 GMT-0800,52.583000000000006,52.567,0.12,0.12
13.11.2023 06:42:04.994 GMT-0800,52.573,52.567,0.0009,0.09
13.11.2023 06:42:05.045 GMT-0800,52.574,52.556000000000004,0.12,0.12
13.11.2023 06:42:05.146 GMT-0800,52.583999999999996,52.556000000000004,0.12,0.12
13.11.2023 06:42:05.197 GMT-0800,52.583000000000006,52.567,0.12,0.12
13.11.2023 06:42:12.032 GMT-0800,52.583999999999996,52.556000000000004,0.12,0.12
13.11.2023 06:42:12.082 GMT-0800,52.574,52.556000000000004,0.0009,0.12
13.11.2023 06:42:15.119 GMT-0800,52.573,52.557,0.09,0.1
13.11.2023 06:42:15.170 GMT-0800,52.583000000000006,52.567,0.12,0.12
13.11.2023 06:42:15.221 GMT-0800,52.583000000000006,52.557,0.12,0.12
13.11.2023 06:42:15.730 GMT-0800,52.583000000000006,52.567,0.12,0.12
13.11.2023 06:42:16.991 GMT-0800,52.593999999999994,52.57600000000001,0.12,0.12
13.11.2023 06:42:17.532 GMT-0800,52.593999999999994,52.566,0.12,0.12
13.11.2023 06:42:17.853 GMT-0800,52.583999999999996,52.566,0.0009,0.12
13.11.2023 06:42:18.704 GMT-0800,52.603,52.586999999999996,0.12,0.12
13.11.2023 06:42:22.873 GMT-0800,52.613,52.597,0.12,0.12
13.11.2023 06:42:27.303 GMT-0800,52.613,52.597,0.09,0.1
13.11.2023 06:42:27.354 GMT-0800,52.623999999999995,52.606,0.12,0.12
13.11.2023 06:42:27.869 GMT-0800,52.634,52.606,0.12,0.12
13.11.2023 06:42:27.919 GMT-0800,52.623000000000005,52.607,0.0009,0.12
13.11.2023 06:42:27.970 GMT-0800,52.633,52.607,0.12,0.12
13.11.2023 06:42:28.021 GMT-0800,52.623000000000005,52.607,0.12,0.12
13.11.2023 06:42:31.606 GMT-0800,52.613,52.607,0.0009,0.09
13.11.2023 06:42:31.657 GMT-0800,52.623000000000005,52.607,0.12,0.09
13.11.2023 06:42:31.708 GMT-0800,52.623999999999995,52.596000000000004,0.12,0.12
13.11.2023 06:42:31.759 GMT-0800,52.613,52.597,0.0009,0.12
13.11.2023 06:42:31.810 GMT-0800,52.623999999999995,52.596000000000004,0.12,0.12
13.11.2023 06:42:32.146 GMT-0800,52.613,52.597,0.0009,0.12
13.11.2023 06:42:32.602 GMT-0800,52.614,52.596000000000004,0.09,0.1
13.11.2023 06:42:32.653 GMT-0800,52.623999999999995,52.606,0.12,0.12
13.11.2023 06:42:37.017 GMT-0800,52.614,52.606,0.0009,0.09
13.11.2023 06:42:37.068 GMT-0800,52.614,52.596000000000004,0.12,0.12
13.11.2023 06:42:41.692 GMT-0800,52.614,52.596000000000004,0.09,0.1
13.11.2023 06:42:41.743 GMT-0800,52.623999999999995,52.606,0.12,0.12
13.11.2023 06:42:52.063 GMT-0800,52.613,52.607,0.0009,0.09
13.11.2023 06:42:52.161 GMT-0800,52.613,52.597,0.12,0.12
13.11.2023 06:42:53.096 GMT-0800,52.623999999999995,52.606,0.12,0.12
13.11.2023 06:42:54.093 GMT-0800,52.614,52.596000000000004,0.12,0.12
13.11.2023 06:43:12.111 GMT-0800,52.603,52.597,0.0009,0.09
13.11.2023 06:43:12.163 GMT-0800,52.603,52.586999999999996,0.12,0.12
13.11.2023 06:43:14.297 GMT-0800,52.613,52.586999999999996,0.12,0.12
13.11.2023 06:43:14.348 GMT-0800,52.603,52.586999999999996,0.12,0.12
13.11.2023 06:43:18.164 GMT-0800,52.604,52.586000000000006,0.09,0.1
13.11.2023 06:43:18.215 GMT-0800,52.614,52.596000000000004,0.12,0.12
13.11.2023 06:43:25.407 GMT-0800,52.623999999999995,52.596000000000004,0.12,0.12
13.11.2023 06:43:25.458 GMT-0800,52.613,52.597,0.12,0.12
13.11.2023 06:43:31.326 GMT-0800,52.623000000000005,52.597,0.12,0.12
13.11.2023 06:43:31.472 GMT-0800,52.614,52.596000000000004,0.0009,0.12
13.11.2023 06:43:31.523 GMT-0800,52.623000000000005,52.597,0.12,0.12
13.11.2023 06:43:31.756 GMT-0800,52.614,52.596000000000004,0.0009,0.12
13.11.2023 06:43:32.179 GMT-0800,52.623999999999995,52.596000000000004,0.12,0.1
13.11.2023 06:43:35.025 GMT-0800,52.614,52.606,0.0009,0.09
13.11.2023 06:43:35.076 GMT-0800,52.613,52.597,0.12,0.12
13.11.2023 06:43:35.943 GMT-0800,52.614,52.596000000000004,0.09,0.1
13.11.2023 06:43:36.045 GMT-0800,52.623999999999995,52.606,0.12,0.12
13.11.2023 06:43:37.576 GMT-0800,52.614,52.606,0.0009,0.09
13.11.2023 06:43:37.678 GMT-0800,52.614,52.596000000000004,0.12,0.12
13.11.2023 06:43:38.060 GMT-0800,52.613,52.597,0.09,0.1
13.11.2023 06:43:38.111 GMT-0800,52.623999999999995,52.606,0.12,0.12
13.11.2023 06:43:42.014 GMT-0800,52.634,52.606,0.12,0.12
13.11.2023 06:43:43.073 GMT-0800,52.634,52.606,0.12,0.1
13.11.2023 06:43:58.423 GMT-0800,52.634,52.61600000000001,0.09,0.1
13.11.2023 06:43:58.474 GMT-0800,52.644,52.626000000000005,0.12,0.12
13.11.2023 06:43:59.759 GMT-0800,52.634,52.626000000000005,0.0009,0.09
13.11.2023 06:43:59.810 GMT-0800,52.633,52.617,0.12,0.12
13.11.2023 06:43:59.911 GMT-0800,52.644,52.61600000000001,0.12,0.12
13.11.2023 06:44:00.027 GMT-0800,52.633,52.617,0.0009,0.12
13.11.2023 06:44:18.455 GMT-0800,52.634,52.61600000000001,0.09,0.1
13.11.2023 06:44:18.505 GMT-0800,52.643,52.617,0.12,0.12
13.11.2023 06:44:21.932 GMT-0800,52.634,52.61600000000001,0.12,0.12
13.11.2023 06:44:49.183 GMT-0800,52.623000000000005,52.617,0.0009,0.09
13.11.2023 06:44:49.285 GMT-0800,52.623000000000005,52.607,0.12,0.12
13.11.2023 06:44:52.351 GMT-0800,52.613,52.607,0.0009,0.09
13.11.2023 06:44:52.402 GMT-0800,52.613,52.597,0.12,0.12
13.11.2023 06:44:53.028 GMT-0800,52.603,52.586999999999996,0.12,0.12
13.11.2023 06:44:53.976 GMT-0800,52.603,52.586999999999996,0.09,0.1
13.11.2023 06:44:54.027 GMT-0800,52.613,52.597,0.12,0.12
13.11.2023 06:44:54.440 GMT-0800,52.613,52.586999999999996,0.12,0.12
13.11.2023 06:44:55.505 GMT-0800,52.603,52.586999999999996,0.12,0.12
13.11.2023 06:44:55.945 GMT-0800,52.613,52.597,0.12,0.12
13.11.2023 06:45:03.094 GMT-0800,52.603,52.597,0.0009,0.09
13.11.2023 06:45:03.145 GMT-0800,52.603,52.586999999999996,0.12,0.12
13.11.2023 06:45:04.725 GMT-0800,52.614,52.586000000000006,0.12,0.12
13.11.2023 06:45:05.413 GMT-0800,52.614,52.586000000000006,0.12,0.1
13.11.2023 06:45:07.605 GMT-0800,52.614,52.586000000000006,0.12,0.12
13.11.2023 06:45:07.710 GMT-0800,52.613,52.586999999999996,0.12,0.1
13.11.2023 06:45:07.868 GMT-0800,52.614,52.586000000000006,0.12,0.12
13.11.2023 06:45:07.998 GMT-0800,52.613,52.586999999999996,0.12,0.1
13.11.2023 06:45:08.099 GMT-0800,52.613,52.586999999999996,0.12,0.12
13.11.2023 06:45:08.707 GMT-0800,52.603,52.586999999999996,0.12,0.12
13.11.2023 06:45:13.677 GMT-0800,52.604,52.586000000000006,0.09,0.1
13.11.2023 06:45:13.728 GMT-0800,52.614,52.596000000000004,0.12,0.12
13.11.2023 06:45:17.639 GMT-0800,52.604,52.596000000000004,0.0009,0.09
13.11.2023 06:45:17.690 GMT-0800,52.604,52.586000000000006,0.12,0.12
13.11.2023 06:45:19.076 GMT-0800,52.614,52.586000000000006,0.12,0.12
13.11.2023 06:45:19.127 GMT-0800,52.603,52.586999999999996,0.12,0.12
13.11.2023 06:45:19.268 GMT-0800,52.614,52.596000000000004,0.12,0.12
13.11.2023 06:45:19.547 GMT-0800,52.614,52.586000000000006,0.12,0.12
13.11.2023 06:45:19.622 GMT-0800,52.603,52.586999999999996,0.0009,0.12
13.11.2023 06:45:20.033 GMT-0800,52.614,52.596000000000004,0.12,0.12
13.11.2023 06:45:21.248 GMT-0800,52.603,52.586999999999996,0.12,0.12
13.11.2023 06:45:27.345 GMT-0800,52.593,52.586999999999996,0.0009,0.09
13.11.2023 06:45:27.396 GMT-0800,52.593,52.577,0.12,0.12
13.11.2023 06:45:44.218 GMT-0800,52.583000000000006,52.577,0.0009,0.09
13.11.2023 06:45:44.269 GMT-0800,52.583000000000006,52.567,0.12,0.12
13.11.2023 06:45:45.330 GMT-0800,52.603,52.567,0.12,0.12
13.11.2023 06:45:45.396 GMT-0800,52.583000000000006,52.567,0.0009,0.12
13.11.2023 06:45:46.287 GMT-0800,52.583999999999996,52.566,0.09,0.1
13.11.2023 06:45:46.338 GMT-0800,52.593,52.577,0.12,0.12
13.11.2023 06:45:46.547 GMT-0800,52.583000000000006,52.567,0.12,0.12
13.11.2023 06:45:46.930 GMT-0800,52.593,52.567,0.12,0.12
13.11.2023 06:45:47.068 GMT-0800,52.583000000000006,52.567,0.0009,0.12
13.11.2023 06:45:47.119 GMT-0800,52.593999999999994,52.566,0.12,0.12
13.11.2023 06:45:47.175 GMT-0800,52.583000000000006,52.567,0.0009,0.12
13.11.2023 06:45:47.327 GMT-0800,52.593999999999994,52.57600000000001,0.12,0.12
13.11.2023 06:45:47.787 GMT-0800,52.603,52.577,0.12,0.12
13.11.2023 06:45:47.911 GMT-0800,52.593,52.577,0.0009,0.12
13.11.2023 06:45:56.273 GMT-0800,52.593999999999994,52.566,0.12,0.12
13.11.2023 06:45:57.724 GMT-0800,52.593,52.567,0.12,0.1
13.11.2023 06:45:57.775 GMT-0800,52.593,52.567,0.12,0.12
13.11.2023 06:45:57.990 GMT-0800,52.593,52.567,0.12,0.1
13.11.2023 06:45:59.240 GMT-0800,52.593999999999994,52.566,0.12,0.12
13.11.2023 06:45:59.470 GMT-0800,52.583000000000006,52.567,0.0009,0.12
13.11.2023 06:46:55.334 GMT-0800,52.593,52.577,0.12,0.12
13.11.2023 06:46:55.439 GMT-0800,52.604,52.586000000000006,0.12,0.12
13.11.2023 06:46:58.828 GMT-0800,52.593,52.577,0.12,0.12
13.11.2023 06:47:01.724 GMT-0800,52.583999999999996,52.566,0.12,0.12
13.11.2023 06:47:05.401 GMT-0800,52.583000000000006,52.567,0.09,0.1
13.11.2023 06:47:05.451 GMT-0800,52.593999999999994,52.57600000000001,0.12,0.12
13.11.2023 06:47:06.085 GMT-0800,52.593,52.567,0.12,0.12
13.11.2023 06:47:06.321 GMT-0800,52.593,52.567,0.12,0.1
13.11.2023 06:47:07.554 GMT-0800,52.583000000000006,52.577,0.0009,0.09
13.11.2023 06:47:07.605 GMT-0800,52.583000000000006,52.567,0.12,0.12
13.11.2023 06:47:07.935 GMT-0800,52.593,52.567,0.12,0.12
13.11.2023 06:47:07.985 GMT-0800,52.593,52.577,0.12,0.12
13.11.2023 06:47:09.515 GMT-0800,52.583000000000006,52.567,0.12,0.09
13.11.2023 06:47:09.566 GMT-0800,52.583000000000006,52.557,0.12,0.12
13.11.2023 06:47:09.672 GMT-0800,52.583999999999996,52.556000000000004,0.12,0.1
13.11.2023 06:47:10.367 GMT-0800,52.583999999999996,52.556000000000004,0.12,0.12
13.11.2023 06:47:10.571 GMT-0800,52.573,52.557,0.0009,0.12
13.11.2023 06:47:22.603 GMT-0800,52.573,52.557,0.09,0.1
13.11.2023 06:47:22.654 GMT-0800,52.583999999999996,52.566,0.12,0.12
13.11.2023 06:47:26.199 GMT-0800,52.583999999999996,52.566,0.09,0.1
13.11.2023 06:47:26.250 GMT-0800,52.604,52.586000000000006,0.12,0.12
13.11.2023 06:47:48.702 GMT-0800,52.603,52.586999999999996,0.09,0.1
13.11.2023 06:47:48.753 GMT-0800,52.613,52.597,0.12,0.12
13.11.2023 06:47:48.854 GMT-0800,52.604,52.586000000000006,0.12,0.12
13.11.2023 06:47:49.464 GMT-0800,52.613,52.586999999999996,0.12,0.12
13.11.2023 06:47:50.018 GMT-0800,52.603,52.586999999999996,0.0009,0.12
13.11.2023 06:47:54.546 GMT-0800,52.604,52.586000000000006,0.09,0.1
13.11.2023 06:47:54.596 GMT-0800,52.614,52.596000000000004,0.12,0.12
13.11.2023 06:47:58.053 GMT-0800,52.614,52.596000000000004,0.09,0.1
13.11.2023 06:47:58.154 GMT-0800,52.623999999999995,52.606,0.12,0.12
13.11.2023 06:47:59.205 GMT-0800,52.614,52.606,0.0009,0.09
13.11.2023 06:47:59.256 GMT-0800,52.623000000000005,52.597,0.12,0.12
13.11.2023 06:48:00.121 GMT-0800,52.613,52.597,0.0009,0.12
13.11.2023 06:48:00.273 GMT-0800,52.623000000000005,52.597,0.12,0.12
13.11.2023 06:48:01.424 GMT-0800,52.623999999999995,52.596000000000004,0.12,0.1
13.11.2023 06:48:04.674 GMT-0800,52.623000000000005,52.597,0.12,0.12
13.11.2023 06:48:05.218 GMT-0800,52.623000000000005,52.597,0.12,0.1
13.11.2023 06:48:05.269 GMT-0800,52.623999999999995,52.596000000000004,0.12,0.12
13.11.2023 06:48:05.923 GMT-0800,52.623000000000005,52.607,0.12,0.12
13.11.2023 06:48:17.554 GMT-0800,52.634,52.61600000000001,0.12,0.12
13.11.2023 06:48:18.905 GMT-0800,52.633,52.617,0.09,0.1
13.11.2023 06:48:18.978 GMT-0800,52.643,52.627,0.12,0.12
13.11.2023 06:48:37.864 GMT-0800,52.633,52.627,0.0009,0.09
13.11.2023 06:48:37.915 GMT-0800,52.633,52.617,0.12,0.12
13.11.2023 06:48:40.253 GMT-0800,52.633,52.607,0.12,0.12
13.11.2023 06:48:40.446 GMT-0800,52.634,52.606,0.12,0.1
13.11.2023 06:48:50.959 GMT-0800,52.634,52.61600000000001,0.09,0.1
13.11.2023 06:48:51.010 GMT-0800,52.644,52.626000000000005,0.12,0.12
13.11.2023 06:48:53.962 GMT-0800,52.644,52.626000000000005,0.09,0.1
13.11.2023 06:48:54.012 GMT-0800,52.653999999999996,52.636,0.12,0.12
13.11.2023 06:48:54.287 GMT-0800,52.653999999999996,52.626000000000005,0.12,0.12
13.11.2023 06:48:54.845 GMT-0800,52.653999999999996,52.626000000000005,0.12,0.1
13.11.2023 06:48:55.554 GMT-0800,52.643,52.627,0.12,0.12
13.11.2023 06:48:59.454 GMT-0800,52.643,52.617,0.12,0.12
13.11.2023 06:49:00.130 GMT-0800,52.644,52.61600000000001,0.12,0.1
13.11.2023 06:49:29.132 GMT-0800,52.633,52.627,0.0009,0.09
13.11.2023 06:49:29.182 GMT-0800,52.633,52.617,0.12,0.12
13.11.2023 06:49:35.674 GMT-0800,52.633,52.617,0.09,0.1
13.11.2023 06:49:35.725 GMT-0800,52.643,52.627,0.12,0.12
13.11.2023 06:49:55.493 GMT-0800,52.634,52.61600000000001,0.12,0.12
13.11.2023 06:50:01.240 GMT-0800,52.634,52.606,0.12,0.12
13.11.2023 06:50:01.371 GMT-0800,52.633,52.607,0.12,0.1
13.11.2023 06:50:01.746 GMT-0800,52.633,52.607,0.12,0.12
13.11.2023 06:50:01.840 GMT-0800,52.633,52.607,0.12,0.1
13.11.2023 06:50:01.942 GMT-0800,52.633,52.607,0.12,0.12
13.11.2023 06:50:05.148 GMT-0800,52.634,52.606,0.12,0.1
13.11.2023 06:50:05.570 GMT-0800,52.633,52.607,0.12,0.12
13.11.2023 06:50:07.915 GMT-0800,52.623999999999995,52.606,0.0009,0.12
13.11.2023 06:50:10.605 GMT-0800,52.623999999999995,52.606,0.09,0.1
13.11.2023 06:50:10.656 GMT-0800,52.623000000000005,52.607,0.12,0.12
13.11.2023 06:50:10.757 GMT-0800,52.633,52.607,0.12,0.12
13.11.2023 06:50:11.182 GMT-0800,52.623000000000005,52.607,0.0009,0.12
13.11.2023 06:50:12.121 GMT-0800,52.633,52.607,0.12,0.12
13.11.2023 06:50:12.171 GMT-0800,52.623000000000005,52.607,0.12,0.12
13.11.2023 06:50:12.289 GMT-0800,52.633,52.607,0.12,0.12
13.11.2023 06:50:12.451 GMT-0800,52.623000000000005,52.607,0.0009,0.12
13.11.2023 06:50:12.552 GMT-0800,52.633,52.607,0.12,0.12
13.11.2023 06:50:12.612 GMT-0800,52.623000000000005,52.607,0.0009,0.12
13.11.2023 06:50:13.193 GMT-0800,52.634,52.606,0.12,0.12
13.11.2023 06:50:13.533 GMT-0800,52.634,52.606,0.12,0.1
13.11.2023 06:50:16.469 GMT-0800,52.623000000000005,52.617,0.0009,0.09
13.11.2023 06:50:16.520 GMT-0800,52.623000000000005,52.607,0.12,0.12
13.11.2023 06:50:20.077 GMT-0800,52.614,52.596000000000004,0.12,0.12
13.11.2023 06:50:20.178 GMT-0800,52.623999999999995,52.596000000000004,0.12,0.12
13.11.2023 06:50:20.394 GMT-0800,52.614,52.596000000000004,0.0009,0.12
13.11.2023 06:50:20.495 GMT-0800,52.603,52.586999999999996,0.12,0.12
13.11.2023 06:50:20.834 GMT-0800,52.593,52.577,0.12,0.12
13.11.2023 06:50:22.836 GMT-0800,52.583999999999996,52.57600000000001,0.0009,0.09
13.11.2023 06:50:22.887 GMT-0800,52.583999999999996,52.566,0.12,0.12
13.11.2023 06:50:23.463 GMT-0800,52.583000000000006,52.557,0.12,0.12
13.11.2023 06:50:24.223 GMT-0800,52.583999999999996,52.556000000000004,0.12,0.1
13.11.2023 06:50:24.274 GMT-0800,52.583000000000006,52.557,0.12,0.12
13.11.2023 06:50:24.554 GMT-0800,52.583000000000006,52.557,0.12,0.1
13.11.2023 06:50:24.605 GMT-0800,52.583999999999996,52.556000000000004,0.12,0.12
13.11.2023 06:50:24.792 GMT-0800,52.583999999999996,52.556000000000004,0.12,0.1
13.11.2023 06:50:24.893 GMT-0800,52.583000000000006,52.557,0.12,0.12
13.11.2023 06:50:25.314 GMT-0800,52.583999999999996,52.556000000000004,0.12,0.1
13.11.2023 06:50:25.477 GMT-0800,52.583999999999996,52.556000000000004,0.12,0.12
13.11.2023 06:50:25.980 GMT-0800,52.583999999999996,52.556000000000004,0.12,0.1
13.11.2023 06:50:26.082 GMT-0800,52.583000000000006,52.557,0.12,0.12
13.11.2023 06:50:30.437 GMT-0800,52.583999999999996,52.556000000000004,0.12,0.1
13.11.2023 06:50:30.616 GMT-0800,52.583999999999996,52.556000000000004,0.12,0.12
13.11.2023 06:50:30.977 GMT-0800,52.583000000000006,52.557,0.12,0.1
13.11.2023 06:50:31.225 GMT-0800,52.583000000000006,52.557,0.12,0.12
13.11.2023 06:50:31.559 GMT-0800,52.583000000000006,52.557,0.12,0.1
13.11.2023 06:50:31.660 GMT-0800,52.583999999999996,52.556000000000004,0.12,0.12
13.11.2023 06:50:31.748 GMT-0800,52.583999999999996,52.556000000000004,0.12,0.1
13.11.2023 06:50:37.877 GMT-0800,52.583999999999996,52.556000000000004,0.12,0.12
13.11.2023 06:50:37.927 GMT-0800,52.583000000000006,52.567,0.12,0.12
13.11.2023 06:50:39.803 GMT-0800,52.593,52.577,0.12,0.12
13.11.2023 06:50:54.402 GMT-0800,52.583000000000006,52.577,0.0009,0.09
13.11.2023 06:50:54.453 GMT-0800,52.583999999999996,52.566,0.12,0.12
13.11.2023 06:50:59.894 GMT-0800,52.574,52.566,0.0009,0.09
13.11.2023 06:50:59.944 GMT-0800,52.574,52.556000000000004,0.12,0.12
13.11.2023 06:51:04.752 GMT-0800,52.573,52.547,0.12,0.12
13.11.2023 06:51:04.854 GMT-0800,52.573,52.547,0.12,0.1
13.11.2023 06:51:06.518 GMT-0800,52.573,52.547,0.12,0.12
13.11.2023 06:51:06.569 GMT-0800,52.574,52.556000000000004,0.12,0.12
13.11.2023 06:51:06.673 GMT-0800,52.574,52.54600000000001,0.12,0.12
13.11.2023 06:51:07.076 GMT-0800,52.564,52.54600000000001,0.0009,0.12
13.11.2023 06:51:07.388 GMT-0800,52.553000000000004,52.547,0.0009,0.09
13.11.2023 06:51:07.466 GMT-0800,52.553999999999995,52.536,0.12,0.12
13.11.2023 06:51:08.028 GMT-0800,52.553000000000004,52.537,0.09,0.1
13.11.2023 06:51:08.079 GMT-0800,52.564,52.54600000000001,0.12,0.12
13.11.2023 06:51:18.552 GMT-0800,52.544,52.526,0.12,0.12
13.11.2023 06:51:18.873 GMT-0800,52.533,52.516999999999996,0.12,0.12
13.11.2023 06:51:19.205 GMT-0800,52.524,52.516000000000005,0.0009,0.09
13.11.2023 06:51:19.256 GMT-0800,52.523,52.507,0.12,0.12
13.11.2023 06:51:20.986 GMT-0800,52.513999999999996,52.496,0.12,0.12
13.11.2023 06:51:21.639 GMT-0800,52.513000000000005,52.487,0.12,0.12
13.11.2023 06:51:22.991 GMT-0800,52.513000000000005,52.487,0.12,0.1
13.11.2023 06:51:23.092 GMT-0800,52.513000000000005,52.487,0.12,0.12
13.11.2023 06:51:23.233 GMT-0800,52.513999999999996,52.486000000000004,0.12,0.1
13.11.2023 06:51:23.359 GMT-0800,52.504,52.496,0.0009,0.09
13.11.2023 06:51:23.409 GMT-0800,52.513000000000005,52.487,0.12,0.12
13.11.2023 06:51:24.340 GMT-0800,52.503,52.487,0.0009,0.12
13.11.2023 06:51:25.823 GMT-0800,52.503,52.477,0.12,0.12
13.11.2023 06:51:25.875 GMT-0800,52.504,52.476000000000006,0.12,0.1
13.11.2023 06:51:26.638 GMT-0800,52.503,52.477,0.12,0.12
13.11.2023 06:51:26.833 GMT-0800,52.504,52.476000000000006,0.12,0.1
13.11.2023 06:51:30.883 GMT-0800,52.504,52.486000000000004,0.09,0.1
13.11.2023 06:51:30.933 GMT-0800,52.513000000000005,52.497,0.12,0.12
13.11.2023 06:51:32.012 GMT-0800,52.513000000000005,52.487,0.12,0.12
13.11.2023 06:51:32.073 GMT-0800,52.513999999999996,52.486000000000004,0.12,0.1
13.11.2023 06:51:32.298 GMT-0800,52.513000000000005,52.487,0.12,0.12
13.11.2023 06:51:33.495 GMT-0800,52.513999999999996,52.486000000000004,0.12,0.1
13.11.2023 06:51:34.079 GMT-0800,52.503,52.497,0.0009,0.09
13.11.2023 06:51:34.130 GMT-0800,52.513000000000005,52.487,0.12,0.12
13.11.2023 06:51:34.223 GMT-0800,52.503,52.487,0.0009,0.12
13.11.2023 06:51:37.627 GMT-0800,52.494,52.486000000000004,0.0009,0.09
13.11.2023 06:51:37.678 GMT-0800,52.494,52.476000000000006,0.12,0.12
13.11.2023 06:52:05.927 GMT-0800,52.494,52.46600000000001,0.12,0.12
13.11.2023 06:52:06.396 GMT-0800,52.483999999999995,52.46600000000001,0.0009,0.12
13.11.2023 06:52:06.447 GMT-0800,52.493,52.467,0.12,0.12
13.11.2023 06:52:06.584 GMT-0800,52.483999999999995,52.46600000000001,0.0009,0.12
13.11.2023 06:52:11.836 GMT-0800,52.494,52.476000000000006,0.12,0.12
13.11.2023 06:52:12.595 GMT-0800,52.483999999999995,52.476000000000006,0.0009,0.09
13.11.2023 06:52:12.646 GMT-0800,52.493,52.477,0.12,0.12
13.11.2023 06:52:16.204 GMT-0800,52.494,52.476000000000006,0.09,0.1
13.11.2023 06:52:16.255 GMT-0800,52.513999999999996,52.486000000000004,0.12,0.12
13.11.2023 06:52:16.305 GMT-0800,52.503,52.487,0.0009,0.12
13.11.2023 06:52:17.466 GMT-0800,52.494,52.476000000000006,0.12,0.12
13.11.2023 06:52:17.710 GMT-0800,52.504,52.476000000000006,0.12,0.12
13.11.2023 06:52:17.847 GMT-0800,52.493,52.477,0.0009,0.12
13.11.2023 06:52:22.339 GMT-0800,52.483000000000004,52.477,0.0009,0.09
13.11.2023 06:52:22.490 GMT-0800,52.483000000000004,52.467,0.12,0.12
13.11.2023 06:52:22.876 GMT-0800,52.483000000000004,52.457,0.12,0.12
13.11.2023 06:52:24.044 GMT-0800,52.483000000000004,52.457,0.12,0.1
13.11.2023 06:52:24.095 GMT-0800,52.483000000000004,52.457,0.12,0.12
13.11.2023 06:52:25.915 GMT-0800,52.483999999999995,52.456,0.12,0.1
13.11.2023 06:52:26.750 GMT-0800,52.483000000000004,52.457,0.12,0.12
13.11.2023 06:52:28.525 GMT-0800,52.473000000000006,52.457,0.0009,0.12
13.11.2023 06:52:28.576 GMT-0800,52.483999999999995,52.456,0.12,0.12
13.11.2023 06:52:28.626 GMT-0800,52.473000000000006,52.457,0.0009,0.12
13.11.2023 06:52:37.373 GMT-0800,52.474,52.446000000000005,0.12,0.12
13.11.2023 06:52:37.475 GMT-0800,52.463,52.447,0.0009,0.12
13.11.2023 06:52:37.676 GMT-0800,52.473000000000006,52.457,0.12,0.12
13.11.2023 06:52:37.912 GMT-0800,52.474,52.446000000000005,0.12,0.12
13.11.2023 06:52:38.210 GMT-0800,52.473000000000006,52.457,0.12,0.12
13.11.2023 06:52:38.260 GMT-0800,52.474,52.446000000000005,0.12,0.12
13.11.2023 06:52:38.311 GMT-0800,52.473000000000006,52.457,0.12,0.12
13.11.2023 06:52:39.069 GMT-0800,52.473000000000006,52.447,0.12,0.12
13.11.2023 06:52:39.904 GMT-0800,52.474,52.446000000000005,0.12,0.1
13.11.2023 06:52:40.706 GMT-0800,52.474,52.446000000000005,0.12,0.12
13.11.2023 06:52:42.088 GMT-0800,52.474,52.446000000000005,0.12,0.1
13.11.2023 06:52:43.099 GMT-0800,52.474,52.446000000000005,0.12,0.12
13.11.2023 06:52:43.635 GMT-0800,52.473000000000006,52.457,0.12,0.12
13.11.2023 06:52:49.902 GMT-0800,52.474,52.446000000000005,0.12,0.12
13.11.2023 06:52:50.011 GMT-0800,52.474,52.446000000000005,0.12,0.1
13.11.2023 06:52:54.689 GMT-0800,52.473000000000006,52.447,0.12,0.12
13.11.2023 06:52:55.032 GMT-0800,52.473000000000006,52.447,0.12,0.1
13.11.2023 06:52:55.591 GMT-0800,52.473000000000006,52.447,0.12,0.12
13.11.2023 06:52:55.997 GMT-0800,52.473000000000006,52.447,0.12,0.1
13.11.2023 06:52:57.059 GMT-0800,52.463,52.457,0.0009,0.09
13.11.2023 06:52:57.110 GMT-0800,52.474,52.446000000000005,0.12,0.12
13.11.2023 06:52:57.183 GMT-0800,52.464,52.446000000000005,0.0009,0.12
13.11.2023 06:52:57.235 GMT-0800,52.464,52.43600000000001,0.12,0.12
13.11.2023 06:52:58.043 GMT-0800,52.454,52.43600000000001,0.0009,0.12
13.11.2023 06:53:03.267 GMT-0800,52.454,52.426,0.12,0.12
13.11.2023 06:53:03.654 GMT-0800,52.453,52.427,0.12,0.1
13.11.2023 06:53:03.705 GMT-0800,52.453,52.427,0.12,0.12
13.11.2023 06:53:03.936 GMT-0800,52.443999999999996,52.426,0.0009,0.12
13.11.2023 06:53:03.987 GMT-0800,52.453,52.427,0.12,0.12
13.11.2023 06:53:04.058 GMT-0800,52.443999999999996,52.426,0.0009,0.12
13.11.2023 06:53:04.159 GMT-0800,52.453,52.427,0.12,0.12
13.11.2023 06:53:04.444 GMT-0800,52.443000000000005,52.427,0.0009,0.12
13.11.2023 06:53:05.281 GMT-0800,52.443999999999996,52.426,0.09,0.1
13.11.2023 06:53:05.382 GMT-0800,52.453,52.437,0.12,0.12
13.11.2023 06:53:05.803 GMT-0800,52.453,52.427,0.12,0.12
13.11.2023 06:53:05.854 GMT-0800,52.454,52.426,0.12,0.1
13.11.2023 06:53:06.005 GMT-0800,52.454,52.426,0.12,0.12
13.11.2023 06:53:06.725 GMT-0800,52.453,52.427,0.12,0.1
13.11.2023 06:53:21.134 GMT-0800,52.453,52.427,0.12,0.12
13.11.2023 06:53:21.672 GMT-0800,52.453,52.427,0.12,0.1
13.11.2023 06:53:27.906 GMT-0800,52.453,52.437,0.09,0.1
13.11.2023 06:53:27.957 GMT-0800,52.463,52.437,0.12,0.12
13.11.2023 06:53:28.007 GMT-0800,52.453,52.437,0.12,0.12
13.11.2023 06:53:31.563 GMT-0800,52.463,52.437,0.12,0.12
13.11.2023 06:53:32.006 GMT-0800,52.454,52.43600000000001,0.0009,0.12
13.11.2023 06:53:33.074 GMT-0800,52.453,52.427,0.12,0.12
13.11.2023 06:53:33.498 GMT-0800,52.454,52.43600000000001,0.12,0.12
13.11.2023 06:53:33.707 GMT-0800,52.454,52.426,0.12,0.12
13.11.2023 06:53:33.796 GMT-0800,52.453,52.427,0.12,0.1
13.11.2023 06:53:33.847 GMT-0800,52.453,52.427,0.12,0.12
13.11.2023 06:53:34.050 GMT-0800,52.454,52.426,0.12,0.1
13.11.2023 06:53:36.224 GMT-0800,52.463,52.437,0.12,0.12
13.11.2023 06:53:36.274 GMT-0800,52.454,52.43600000000001,0.0009,0.12
13.11.2023 06:53:38.000 GMT-0800,52.463,52.437,0.12,0.12
13.11.2023 06:53:38.457 GMT-0800,52.453,52.437,0.0009,0.12
13.11.2023 06:53:43.437 GMT-0800,52.454,52.426,0.12,0.12
13.11.2023 06:53:45.122 GMT-0800,52.454,52.426,0.12,0.1
13.11.2023 06:54:00.891 GMT-0800,52.464,52.43600000000001,0.12,0.12
13.11.2023 06:54:01.127 GMT-0800,52.453,52.437,0.0009,0.12
13.11.2023 06:54:01.574 GMT-0800,52.463,52.437,0.12,0.12
13.11.2023 06:54:01.799 GMT-0800,52.454,52.43600000000001,0.0009,0.12
13.11.2023 06:54:02.754 GMT-0800,52.463,52.437,0.12,0.12
13.11.2023 06:54:03.443 GMT-0800,52.464,52.43600000000001,0.12,0.1
13.11.2023 06:54:03.904 GMT-0800,52.474,52.446000000000005,0.12,0.12
13.11.2023 06:54:05.740 GMT-0800,52.463,52.447,0.12,0.12
13.11.2023 06:54:06.009 GMT-0800,52.473000000000006,52.447,0.12,0.12
13.11.2023 06:54:06.059 GMT-0800,52.473000000000006,52.457,0.12,0.12
13.11.2023 06:54:09.619 GMT-0800,52.494,52.46600000000001,0.12,0.12
13.11.2023 06:54:10.159 GMT-0800,52.483000000000004,52.467,0.0009,0.12
13.11.2023 06:54:15.271 GMT-0800,52.483999999999995,52.456,0.12,0.12
13.11.2023 06:54:15.562 GMT-0800,52.474,52.456,0.0009,0.12
13.11.2023 06:54:20.448 GMT-0800,52.464,52.446000000000005,0.12,0.12
13.11.2023 06:54:24.110 GMT-0800,52.463,52.437,0.12,0.12
13.11.2023 06:54:24.161 GMT-0800,52.463,52.447,0.12,0.12
13.11.2023 06:54:24.272 GMT-0800,52.463,52.437,0.12,0.12
13.11.2023 06:54:24.933 GMT-0800,52.463,52.437,0.12,0.1
13.11.2023 06:54:24.984 GMT-0800,52.464,52.43600000000001,0.12,0.12
13.11.2023 06:54:26.673 GMT-0800,52.464,52.43600000000001,0.12,0.1
13.11.2023 06:54:26.724 GMT-0800,52.463,52.437,0.12,0.12
13.11.2023 06:54:29.449 GMT-0800,52.463,52.437,0.12,0.1
13.11.2023 06:54:29.550 GMT-0800,52.463,52.437,0.12,0.12
13.11.2023 06:54:29.630 GMT-0800,52.453,52.437,0.0009,0.12
13.11.2023 06:54:30.222 GMT-0800,52.454,52.426,0.12,0.12
13.11.2023 06:54:30.410 GMT-0800,52.454,52.426,0.12,0.1
13.11.2023 06:54:31.444 GMT-0800,52.453,52.427,0.12,0.12
13.11.2023 06:54:31.518 GMT-0800,52.454,52.426,0.12,0.1
13.11.2023 06:54:31.899 GMT-0800,52.454,52.426,0.12,0.12
13.11.2023 06:54:31.951 GMT-0800,52.454,52.43600000000001,0.12,0.12
13.11.2023 06:54:32.544 GMT-0800,52.443000000000005,52.427,0.0009,0.12
13.11.2023 06:54:32.594 GMT-0800,52.443999999999996,52.416000000000004,0.12,0.12
13.11.2023 06:54:34.968 GMT-0800,52.443000000000005,52.417,0.12,0.1
13.11.2023 06:54:36.081 GMT-0800,52.443999999999996,52.416000000000004,0.12,0.12
13.11.2023 06:54:36.132 GMT-0800,52.443999999999996,52.426,0.12,0.12
13.11.2023 06:54:48.648 GMT-0800,52.433,52.417,0.12,0.12
13.11.2023 06:54:51.634 GMT-0800,52.433,52.417,0.09,0.1
13.11.2023 06:54:51.685 GMT-0800,52.443000000000005,52.427,0.12,0.12
13.11.2023 06:54:58.863 GMT-0800,52.454,52.426,0.12,0.12
13.11.2023 06:55:00.134 GMT-0800,52.443999999999996,52.426,0.0009,0.12
13.11.2023 06:55:00.185 GMT-0800,52.453,52.427,0.12,0.12
13.11.2023 06:55:00.575 GMT-0800,52.443999999999996,52.426,0.0009,0.12
13.11.2023 06:55:00.734 GMT-0800,52.453,52.427,0.12,0.12
13.11.2023 06:55:00.889 GMT-0800,52.443000000000005,52.427,0.0009,0.12
13.11.2023 06:55:01.386 GMT-0800,52.453,52.427,0.12,0.12
13.11.2023 06:55:01.677 GMT-0800,52.463,52.427,0.12,0.12
13.11.2023 06:55:01.820 GMT-0800,52.463,52.427,0.12,0.1
13.11.2023 06:55:01.946 GMT-0800,52.474,52.446000000000005,0.12,0.12
13.11.2023 06:55:02.278 GMT-0800,52.463,52.447,0.0009,0.12
13.11.2023 06:55:03.392 GMT-0800,52.463,52.437,0.12,0.12
13.11.2023 06:55:03.444 GMT-0800,52.453,52.437,0.0009,0.12
13.11.2023 06:55:03.609 GMT-0800,52.454,52.426,0.12,0.12
13.11.2023 06:55:03.890 GMT-0800,52.443000000000005,52.427,0.0009,0.12
13.11.2023 06:55:08.964 GMT-0800,52.434,52.426,0.0009,0.09
13.11.2023 06:55:09.065 GMT-0800,52.433,52.417,0.12,0.12
13.11.2023 06:55:21.859 GMT-0800,52.433,52.417,0.09,0.1
13.11.2023 06:55:21.910 GMT-0800,52.443000000000005,52.427,0.12,0.12
13.11.2023 06:55:27.188 GMT-0800,52.443999999999996,52.426,0.09,0.1
13.11.2023 06:55:27.239 GMT-0800,52.443000000000005,52.427,0.09,0.12
13.11.2023 06:55:27.289 GMT-0800,52.463,52.447,0.12,0.12
13.11.2023 06:55:27.539 GMT-0800,52.464,52.43600000000001,0.12,0.12
13.11.2023 06:55:27.964 GMT-0800,52.453,52.437,0.12,0.12
13.11.2023 06:55:28.015 GMT-0800,52.463,52.437,0.12,0.12
13.11.2023 06:55:28.066 GMT-0800,52.453,52.437,0.12,0.12
13.11.2023 06:55:29.027 GMT-0800,52.443999999999996,52.426,0.12,0.12
13.11.2023 06:55:30.547 GMT-0800,52.454,52.426,0.12,0.12
13.11.2023 06:55:30.598 GMT-0800,52.443000000000005,52.427,0.12,0.12
13.11.2023 06:55:30.648 GMT-0800,52.453,52.427,0.12,0.12
13.11.2023 06:55:30.862 GMT-0800,52.443999999999996,52.426,0.0009,0.12
13.11.2023 06:55:31.047 GMT-0800,52.454,52.426,0.12,0.12
13.11.2023 06:55:31.631 GMT-0800,52.443000000000005,52.427,0.0009,0.12
13.11.2023 06:55:32.652 GMT-0800,52.443000000000005,52.417,0.12,0.12
13.11.2023 06:55:32.703 GMT-0800,52.443000000000005,52.427,0.12,0.12
13.11.2023 06:55:33.179 GMT-0800,52.443000000000005,52.417,0.12,0.12
13.11.2023 06:55:33.372 GMT-0800,52.443000000000005,52.417,0.12,0.1
13.11.2023 06:55:33.541 GMT-0800,52.443999999999996,52.416000000000004,0.12,0.12
13.11.2023 06:55:33.602 GMT-0800,52.443999999999996,52.416000000000004,0.12,0.1
13.11.2023 06:55:41.965 GMT-0800,52.434,52.416000000000004,0.12,0.12
13.11.2023 06:55:51.304 GMT-0800,52.423,52.417,0.0009,0.09
13.11.2023 06:55:51.355 GMT-0800,52.434,52.406000000000006,0.12,0.12
13.11.2023 06:55:51.437 GMT-0800,52.423,52.407,0.0009,0.12
13.11.2023 06:55:51.726 GMT-0800,52.433,52.407,0.12,0.12
13.11.2023 06:55:52.774 GMT-0800,52.423,52.407,0.0009,0.12
13.11.2023 06:55:52.926 GMT-0800,52.433,52.407,0.12,0.12
13.11.2023 06:55:52.977 GMT-0800,52.424,52.406000000000006,0.12,0.12
13.11.2023 06:55:53.160 GMT-0800,52.433,52.407,0.12,0.12
13.11.2023 06:55:53.291 GMT-0800,52.424,52.406000000000006,0.0009,0.12
13.11.2023 06:55:54.753 GMT-0800,52.434,52.416000000000004,0.12,0.12
13.11.2023 06:55:57.081 GMT-0800,52.433,52.407,0.12,0.12
13.11.2023 06:55:57.187 GMT-0800,52.423,52.407,0.0009,0.12
13.11.2023 06:56:01.351 GMT-0800,52.413000000000004,52.407,0.0009,0.09
13.11.2023 06:56:01.402 GMT-0800,52.413999999999994,52.39600000000001,0.12,0.12
13.11.2023 06:56:02.185 GMT-0800,52.423,52.397,0.12,0.12
13.11.2023 06:56:02.381 GMT-0800,52.413999999999994,52.39600000000001,0.0009,0.12
13.11.2023 06:56:02.670 GMT-0800,52.423,52.407,0.12,0.12
13.11.2023 06:56:02.824 GMT-0800,52.433,52.407,0.12,0.12
13.11.2023 06:56:03.211 GMT-0800,52.424,52.406000000000006,0.0009,0.12
13.11.2023 06:56:03.262 GMT-0800,52.434,52.406000000000006,0.12,0.12
13.11.2023 06:56:03.313 GMT-0800,52.434,52.416000000000004,0.12,0.12
13.11.2023 06:56:05.152 GMT-0800,52.423,52.417,0.0009,0.09
13.11.2023 06:56:05.209 GMT-0800,52.433,52.407,0.12,0.1
13.11.2023 06:56:08.445 GMT-0800,52.443999999999996,52.416000000000004,0.12,0.12
13.11.2023 06:56:08.587 GMT-0800,52.433,52.417,0.0009,0.12
13.11.2023 06:56:09.245 GMT-0800,52.443999999999996,52.416000000000004,0.12,0.12
13.11.2023 06:56:09.361 GMT-0800,52.434,52.416000000000004,0.0009,0.12
13.11.2023 06:56:09.463 GMT-0800,52.443999999999996,52.416000000000004,0.12,0.12
13.11.2023 06:56:10.382 GMT-0800,52.443999999999996,52.426,0.12,0.12
13.11.2023 06:56:11.461 GMT-0800,52.443999999999996,52.426,0.09,0.1
13.11.2023 06:56:11.528 GMT-0800,52.453,52.437,0.12,0.12
13.11.2023 06:56:14.423 GMT-0800,52.454,52.426,0.12,0.12
13.11.2023 06:56:14.474 GMT-0800,52.453,52.437,0.12,0.12
13.11.2023 06:56:14.525 GMT-0800,52.454,52.426,0.12,0.12
13.11.2023 06:56:14.575 GMT-0800,52.453,52.437,0.12,0.12
13.11.2023 06:56:14.750 GMT-0800,52.453,52.427,0.12,0.12
13.11.2023 06:56:17.400 GMT-0800,52.443999999999996,52.426,0.0009,0.09
13.11.2023 06:56:29.615 GMT-0800,52.454,52.426,0.12,0.12
13.11.2023 06:56:29.666 GMT-0800,52.443999999999996,52.426,0.12,0.12
13.11.2023 06:56:37.882 GMT-0800,52.443000000000005,52.417,0.12,0.12
13.11.2023 06:56:38.641 GMT-0800,52.433,52.417,0.0009,0.12
13.11.2023 06:56:40.192 GMT-0800,52.443000000000005,52.417,0.12,0.12
13.11.2023 06:56:40.243 GMT-0800,52.433,52.417,0.12,0.12
13.11.2023 06:56:42.722 GMT-0800,52.433,52.407,0.12,0.12
13.11.2023 06:56:44.907 GMT-0800,52.433,52.407,0.12,0.1
13.11.2023 06:56:46.289 GMT-0800,52.433,52.417,0.09,0.1
13.11.2023 06:56:46.340 GMT-0800,52.434,52.416000000000004,0.12,0.12
13.11.2023 06:56:46.391 GMT-0800,52.424,52.406000000000006,0.12,0.12
13.11.2023 06:56:46.442 GMT-0800,52.434,52.406000000000006,0.12,0.12
13.11.2023 06:56:46.492 GMT-0800,52.424,52.406000000000006,0.12,0.12
13.11.2023 06:56:46.543 GMT-0800,52.434,52.406000000000006,0.12,0.12
13.11.2023 06:56:46.878 GMT-0800,52.423,52.407,0.0009,0.12
13.11.2023 06:56:48.772 GMT-0800,52.424,52.39600000000001,0.12,0.12
13.11.2023 06:56:48.839 GMT-0800,52.424,52.39600000000001,0.12,0.1
13.11.2023 06:56:52.679 GMT-0800,52.423,52.397,0.12,0.12
13.11.2023 06:56:53.206 GMT-0800,52.423,52.397,0.12,0.1
13.11.2023 06:56:53.307 GMT-0800,52.423,52.397,0.12,0.12
13.11.2023 06:56:53.583 GMT-0800,52.424,52.39600000000001,0.12,0.1
13.11.2023 06:56:54.021 GMT-0800,52.423,52.397,0.12,0.12
13.11.2023 06:56:58.497 GMT-0800,52.413000000000004,52.397,0.0009,0.12
13.11.2023 06:57:01.179 GMT-0800,52.403000000000006,52.397,0.0009,0.09
13.11.2023 06:57:01.230 GMT-0800,52.413999999999994,52.39600000000001,0.12,0.12
13.11.2023 06:57:05.608 GMT-0800,52.413999999999994,52.386,0.12,0.12
13.11.2023 06:57:07.158 GMT-0800,52.403000000000006,52.387,0.0009,0.12
13.11.2023 06:57:14.724 GMT-0800,52.413000000000004,52.387,0.12,0.12
13.11.2023 06:57:14.938 GMT-0800,52.403000000000006,52.387,0.0009,0.12
13.11.2023 06:57:26.201 GMT-0800,52.403000000000006,52.377,0.12,0.12
13.11.2023 06:57:26.665 GMT-0800,52.403999999999996,52.376000000000005,0.12,0.1
13.11.2023 06:57:27.808 GMT-0800,52.403999999999996,52.376000000000005,0.12,0.12
13.11.2023 06:57:29.117 GMT-0800,52.403000000000006,52.377,0.12,0.1
13.11.2023 06:57:34.659 GMT-0800,52.413999999999994,52.386,0.12,0.12
13.11.2023 06:57:34.710 GMT-0800,52.403999999999996,52.386,0.12,0.12
13.11.2023 06:57:34.878 GMT-0800,52.413000000000004,52.387,0.12,0.12
13.11.2023 06:57:35.466 GMT-0800,52.403000000000006,52.387,0.0009,0.12
13.11.2023 06:58:26.677 GMT-0800,52.424,52.39600000000001,0.12,0.12
13.11.2023 06:58:27.044 GMT-0800,52.413000000000004,52.397,0.12,0.12
13.11.2023 06:58:27.166 GMT-0800,52.424,52.39600000000001,0.12,0.12
13.11.2023 06:58:27.253 GMT-0800,52.413000000000004,52.397,0.0009,0.12
13.11.2023 06:58:27.354 GMT-0800,52.423,52.397,0.12,0.12
13.11.2023 06:58:28.581 GMT-0800,52.413999999999994,52.39600000000001,0.0009,0.12
13.11.2023 06:58:28.843 GMT-0800,52.424,52.39600000000001,0.12,0.12
13.11.2023 06:58:29.549 GMT-0800,52.413000000000004,52.397,0.0009,0.12
13.11.2023 06:58:33.389 GMT-0800,52.403999999999996,52.39600000000001,0.0009,0.09
13.11.2023 06:58:33.439 GMT-0800,52.403000000000006,52.387,0.12,0.12
13.11.2023 06:58:44.574 GMT-0800,52.413000000000004,52.387,0.12,0.12
13.11.2023 06:58:44.632 GMT-0800,52.403999999999996,52.386,0.0009,0.12
13.11.2023 06:58:45.055 GMT-0800,52.403999999999996,52.376000000000005,0.12,0.12
13.11.2023 06:58:45.105 GMT-0800,52.403000000000006,52.377,0.09,0.1
13.11.2023 06:58:45.156 GMT-0800,52.403999999999996,52.376000000000005,0.12,0.12
13.11.2023 06:58:45.247 GMT-0800,52.394,52.376000000000005,0.0009,0.12
13.11.2023 06:58:59.243 GMT-0800,52.393,52.367,0.12,0.12
13.11.2023 06:59:00.384 GMT-0800,52.393,52.377,0.12,0.09
13.11.2023 06:59:01.837 GMT-0800,52.394,52.36600000000001,0.12,0.12
13.11.2023 06:59:01.888 GMT-0800,52.373999999999995,52.36600000000001,0.0009,0.09
13.11.2023 06:59:01.939 GMT-0800,52.373999999999995,52.356,0.12,0.09
13.11.2023 06:59:05.948 GMT-0800,52.383,52.357,0.12,0.12
13.11.2023 06:59:06.134 GMT-0800,52.373999999999995,52.356,0.0009,0.12
13.11.2023 06:59:07.327 GMT-0800,52.373999999999995,52.346000000000004,0.12,0.12
13.11.2023 06:59:07.464 GMT-0800,52.373000000000005,52.347,0.12,0.1
13.11.2023 06:59:07.617 GMT-0800,52.373000000000005,52.347,0.12,0.12
13.11.2023 06:59:08.166 GMT-0800,52.373000000000005,52.347,0.12,0.1
13.11.2023 06:59:08.317 GMT-0800,52.373000000000005,52.347,0.12,0.12
13.11.2023 06:59:09.075 GMT-0800,52.373999999999995,52.346000000000004,0.12,0.1
13.11.2023 06:59:09.126 GMT-0800,52.373000000000005,52.347,0.12,0.12
13.11.2023 06:59:09.692 GMT-0800,52.373999999999995,52.346000000000004,0.12,0.1
13.11.2023 06:59:30.660 GMT-0800,52.373000000000005,52.357,0.09,0.1
13.11.2023 06:59:30.710 GMT-0800,52.384,52.36600000000001,0.12,0.12
13.11.2023 06:59:30.839 GMT-0800,52.394,52.36600000000001,0.12,0.12
13.11.2023 06:59:31.616 GMT-0800,52.393,52.367,0.12,0.1
13.11.2023 06:59:34.486 GMT-0800,52.413999999999994,52.386,0.12,0.12
13.11.2023 06:59:34.671 GMT-0800,52.403999999999996,52.386,0.0009,0.12
13.11.2023 06:59:43.720 GMT-0800,52.403999999999996,52.386,0.09,0.1
13.11.2023 06:59:43.771 GMT-0800,52.413000000000004,52.397,0.12,0.12
13.11.2023 06:59:45.443 GMT-0800,52.403000000000006,52.397,0.0009,0.09
13.11.2023 06:59:45.493 GMT-0800,52.403999999999996,52.386,0.12,0.12
13.11.2023 06:59:46.115 GMT-0800,52.403000000000006,52.377,0.12,0.12
13.11.2023 06:59:46.400 GMT-0800,52.394,52.376000000000005,0.0009,0.12
13.11.2023 06:59:46.858 GMT-0800,52.393,52.367,0.12,0.12
13.11.2023 06:59:47.061 GMT-0800,52.393,52.367,0.12,0.1
13.11.2023 06:59:48.108 GMT-0800,52.394,52.36600000000001,0.12,0.12
13.11.2023 06:59:49.620 GMT-0800,52.394,52.376000000000005,0.12,0.12
13.11.2023 06:59:51.154 GMT-0800,52.384,52.36600000000001,0.12,0.12
13.11.2023 06:59:51.362 GMT-0800,52.373000000000005,52.357,0.12,0.12
13.11.2023 06:59:55.180 GMT-0800,52.373999999999995,52.356,0.09,0.1
13.11.2023 06:59:55.231 GMT-0800,52.384,52.36600000000001,0.12,0.12
13.11.2023 06:59:57.579 GMT-0800,52.383,52.357,0.12,0.12
13.11.2023 06:59:57.992 GMT-0800,52.373000000000005,52.357,0.12,0.12
13.11.2023 06:59:58.813 GMT-0800,52.384,52.356,0.12,0.12
13.11.2023 06:59:59.386 GMT-0800,52.373000000000005,52.357,0.0009,0.12
13.11.2023 07:00:01.243 GMT-0800,52.384,52.356,0.12,0.12
13.11.2023 07:00:03.641 GMT-0800,52.373000000000005,52.357,0.0009,0.12
13.11.2023 07:00:03.874 GMT-0800,52.383,52.367,0.12,0.12
13.11.2023 07:00:06.054 GMT-0800,52.383,52.357,0.12,0.12
13.11.2023 07:00:06.121 GMT-0800,52.384,52.356,0.12,0.1
13.11.2023 07:00:06.299 GMT-0800,52.384,52.356,0.12,0.12
13.11.2023 07:00:06.491 GMT-0800,52.383,52.357,0.12,0.1
13.11.2023 07:00:08.636 GMT-0800,52.373999999999995,52.356,0.12,0.12
13.11.2023 07:00:09.110 GMT-0800,52.373000000000005,52.347,0.12,0.12
13.11.2023 07:00:09.191 GMT-0800,52.363,52.347,0.0009,0.12
13.11.2023 07:00:10.379 GMT-0800,52.373000000000005,52.347,0.12,0.12
13.11.2023 07:00:10.434 GMT-0800,52.363,52.347,0.0009,0.12
13.11.2023 07:00:10.536 GMT-0800,52.373999999999995,52.346000000000004,0.12,0.12
13.11.2023 07:00:10.768 GMT-0800,52.363,52.347,0.0009,0.12
13.11.2023 07:00:10.818 GMT-0800,52.373999999999995,52.346000000000004,0.12,0.12
13.11.2023 07:00:10.978 GMT-0800,52.363,52.347,0.0009,0.12
13.11.2023 07:00:12.620 GMT-0800,52.364,52.346000000000004,0.09,0.1
13.11.2023 07:00:12.795 GMT-0800,52.373000000000005,52.357,0.12,0.12
13.11.2023 07:00:13.639 GMT-0800,52.373999999999995,52.346000000000004,0.12,0.12
13.11.2023 07:00:13.750 GMT-0800,52.373000000000005,52.347,0.12,0.1
13.11.2023 07:00:13.852 GMT-0800,52.373999999999995,52.346000000000004,0.12,0.12
13.11.2023 07:00:14.200 GMT-0800,52.373999999999995,52.346000000000004,0.12,0.1
13.11.2023 07:00:14.357 GMT-0800,52.373999999999995,52.346000000000004,0.12,0.12
13.11.2023 07:00:14.432 GMT-0800,52.373999999999995,52.346000000000004,0.12,0.1
13.11.2023 07:00:14.721 GMT-0800,52.373999999999995,52.346000000000004,0.12,0.12
13.11.2023 07:00:16.573 GMT-0800,52.373000000000005,52.347,0.12,0.1
13.11.2023 07:00:16.798 GMT-0800,52.384,52.356,0.12,0.12
13.11.2023 07:00:17.195 GMT-0800,52.373999999999995,52.356,0.0009,0.12
13.11.2023 07:00:17.376 GMT-0800,52.384,52.356,0.12,0.12
13.11.2023 07:00:17.426 GMT-0800,52.394,52.376000000000005,0.12,0.12
13.11.2023 07:00:18.186 GMT-0800,52.393,52.367,0.12,0.12
13.11.2023 07:00:18.478 GMT-0800,52.384,52.36600000000001,0.0009,0.12
13.11.2023 07:00:19.803 GMT-0800,52.394,52.36600000000001,0.12,0.12
13.11.2023 07:00:20.747 GMT-0800,52.383,52.367,0.0009,0.12
13.11.2023 07:00:20.848 GMT-0800,52.393,52.377,0.12,0.12
13.11.2023 07:00:25.072 GMT-0800,52.424,52.406000000000006,0.12,0.12
13.11.2023 07:00:25.547 GMT-0800,52.434,52.406000000000006,0.12,0.12
13.11.2023 07:00:25.602 GMT-0800,52.423,52.407,0.0009,0.12
13.11.2023 07:00:25.703 GMT-0800,52.413000000000004,52.407,0.0009,0.09
13.11.2023 07:00:25.754 GMT-0800,52.413999999999994,52.39600000000001,0.12,0.12
13.11.2023 07:00:27.670 GMT-0800,52.413999999999994,52.39600000000001,0.09,0.1
13.11.2023 07:00:27.721 GMT-0800,52.424,52.406000000000006,0.12,0.12
13.11.2023 07:00:28.049 GMT-0800,52.433,52.407,0.12,0.12
13.11.2023 07:00:28.326 GMT-0800,52.424,52.406000000000006,0.0009,0.12
13.11.2023 07:00:28.428 GMT-0800,52.434,52.406000000000006,0.12,0.12
13.11.2023 07:00:29.098 GMT-0800,52.424,52.406000000000006,0.0009,0.12
13.11.2023 07:00:29.373 GMT-0800,52.434,52.406000000000006,0.12,0.12
13.11.2023 07:00:31.020 GMT-0800,52.424,52.406000000000006,0.0009,0.12
13.11.2023 07:00:31.536 GMT-0800,52.434,52.406000000000006,0.12,0.12
