Local time,Ask,Bid,AskVolume,BidVolume
13.11.2023 06:30:01.986 GMT-0800,42.244,41.916000000000004,0.12,0.12
13.11.2023 06:30:02.083 GMT-0800,42.025,41.917,0.0009,0.12
13.11.2023 06:30:02.239 GMT-0800,42.018,41.917,0.0009,0.12
13.11.2023 06:30:02.438 GMT-0800,42.013000000000005,41.916000000000004,0.0009,0.12
13.11.2023 06:30:02.800 GMT-0800,41.993,41.917,0.12,0.12
13.11.2023 06:30:02.908 GMT-0800,41.993,41.917,0.12,0.1
13.11.2023 06:30:03.009 GMT-0800,41.973000000000006,41.917,0.0009,0.12
13.11.2023 06:30:03.110 GMT-0800,41.954,41.916000000000004,0.0009,0.12
13.11.2023 06:30:03.301 GMT-0800,41.943000000000005,41.917,0.0009,0.12
13.11.2023 06:30:03.354 GMT-0800,41.954,41.916000000000004,0.0009,0.12
13.11.2023 06:30:03.411 GMT-0800,41.974,41.916000000000004,0.12,0.1
13.11.2023 06:30:03.533 GMT-0800,41.953,41.937,0.0009,0.09
13.11.2023 06:30:03.666 GMT-0800,41.954,41.906000000000006,0.12,0.12
13.11.2023 06:30:03.904 GMT-0800,41.954,41.906000000000006,0.12,0.1
13.11.2023 06:30:04.124 GMT-0800,41.953,41.907,0.09,0.1
13.11.2023 06:30:04.219 GMT-0800,41.973000000000006,41.937,0.12,0.12
13.11.2023 06:30:04.859 GMT-0800,41.973000000000006,41.937,0.12,0.1
13.11.2023 06:30:04.961 GMT-0800,41.983000000000004,41.957,0.12,0.09
13.11.2023 06:30:05.030 GMT-0800,41.983999999999995,41.946000000000005,0.12,0.12
13.11.2023 06:30:05.555 GMT-0800,41.983000000000004,41.946999999999996,0.09,0.1
13.11.2023 06:30:05.645 GMT-0800,42.003,41.977,0.12,0.12
13.11.2023 06:30:06.795 GMT-0800,41.993,41.977,0.0009,0.09
13.11.2023 06:30:06.955 GMT-0800,41.994,41.966,0.12,0.12
13.11.2023 06:30:07.531 GMT-0800,42.004,41.966,0.12,0.12
13.11.2023 06:30:07.595 GMT-0800,41.994,41.966,0.0009,0.12
13.11.2023 06:30:07.787 GMT-0800,41.983999999999995,41.966,0.0009,0.09
13.11.2023 06:30:07.838 GMT-0800,41.993,41.957,0.12,0.12
13.11.2023 06:30:08.020 GMT-0800,41.965,41.957,0.0009,0.09
13.11.2023 06:30:08.071 GMT-0800,41.964,41.946000000000005,0.12,0.12
13.11.2023 06:30:08.913 GMT-0800,41.953,41.946999999999996,0.0009,0.09
13.11.2023 06:30:08.964 GMT-0800,41.954,41.93600000000001,0.12,0.12
13.11.2023 06:30:09.553 GMT-0800,41.953,41.927,0.12,0.12
13.11.2023 06:30:10.438 GMT-0800,41.954,41.926,0.09,0.1
13.11.2023 06:30:10.489 GMT-0800,41.954,41.926,0.12,0.12
13.11.2023 06:30:10.840 GMT-0800,41.953,41.927,0.09,0.1
13.11.2023 06:30:10.890 GMT-0800,41.983000000000004,41.957,0.12,0.12
13.11.2023 06:30:11.489 GMT-0800,41.993,41.957,0.12,0.12
13.11.2023 06:30:11.540 GMT-0800,41.983000000000004,41.957,0.12,0.12
13.11.2023 06:30:12.413 GMT-0800,41.993,41.957,0.12,0.12
13.11.2023 06:30:12.467 GMT-0800,41.983000000000004,41.957,0.0009,0.12
13.11.2023 06:30:12.568 GMT-0800,41.974,41.93600000000001,0.12,0.12
13.11.2023 06:30:14.973 GMT-0800,41.964,41.93600000000001,0.0009,0.12
13.11.2023 06:30:15.146 GMT-0800,41.973000000000006,41.937,0.12,0.12
13.11.2023 06:30:15.707 GMT-0800,41.964,41.926,0.12,0.12
13.11.2023 06:30:15.808 GMT-0800,41.963,41.937,0.09,0.1
13.11.2023 06:30:15.858 GMT-0800,41.974,41.946000000000005,0.12,0.12
13.11.2023 06:30:16.132 GMT-0800,41.963,41.946999999999996,0.0009,0.09
13.11.2023 06:30:16.182 GMT-0800,41.963,41.937,0.09,0.12
13.11.2023 06:30:16.233 GMT-0800,41.974,41.946000000000005,0.12,0.12
13.11.2023 06:30:16.544 GMT-0800,41.994,41.956,0.12,0.12
13.11.2023 06:30:16.617 GMT-0800,41.983000000000004,41.957,0.0009,0.12
13.11.2023 06:30:16.803 GMT-0800,41.973000000000006,41.946999999999996,0.12,0.12
13.11.2023 06:30:16.918 GMT-0800,41.983999999999995,41.956,0.12,0.12
13.11.2023 06:30:17.019 GMT-0800,41.973000000000006,41.946999999999996,0.12,0.12
13.11.2023 06:30:17.213 GMT-0800,41.973000000000006,41.946999999999996,0.12,0.1
13.11.2023 06:30:17.264 GMT-0800,41.974,41.946000000000005,0.12,0.12
13.11.2023 06:30:17.704 GMT-0800,41.983000000000004,41.946999999999996,0.12,0.12
13.11.2023 06:30:17.829 GMT-0800,41.974,41.946000000000005,0.0009,0.12
13.11.2023 06:30:18.064 GMT-0800,41.983999999999995,41.946000000000005,0.12,0.12
13.11.2023 06:30:18.125 GMT-0800,41.973000000000006,41.946999999999996,0.0009,0.12
13.11.2023 06:30:18.176 GMT-0800,41.983000000000004,41.946999999999996,0.12,0.12
13.11.2023 06:30:18.546 GMT-0800,41.983000000000004,41.946999999999996,0.12,0.1
13.11.2023 06:30:18.763 GMT-0800,41.983000000000004,41.946999999999996,0.12,0.12
13.11.2023 06:30:18.826 GMT-0800,41.983999999999995,41.946000000000005,0.12,0.1
13.11.2023 06:30:19.100 GMT-0800,41.983000000000004,41.946999999999996,0.12,0.12
13.11.2023 06:30:19.164 GMT-0800,41.983999999999995,41.946000000000005,0.12,0.1
13.11.2023 06:30:19.489 GMT-0800,41.993,41.957,0.12,0.12
13.11.2023 06:30:19.546 GMT-0800,41.983999999999995,41.956,0.0009,0.12
13.11.2023 06:30:19.761 GMT-0800,41.993,41.957,0.12,0.12
13.11.2023 06:30:19.818 GMT-0800,41.983000000000004,41.957,0.0009,0.12
13.11.2023 06:30:20.700 GMT-0800,41.973000000000006,41.946999999999996,0.12,0.12
13.11.2023 06:30:21.029 GMT-0800,41.983999999999995,41.946000000000005,0.12,0.12
13.11.2023 06:30:21.105 GMT-0800,41.973000000000006,41.946999999999996,0.0009,0.1
13.11.2023 06:30:21.155 GMT-0800,41.974,41.946000000000005,0.12,0.12
13.11.2023 06:30:21.256 GMT-0800,41.973000000000006,41.946999999999996,0.09,0.1
13.11.2023 06:30:21.307 GMT-0800,41.993,41.957,0.12,0.12
13.11.2023 06:30:21.408 GMT-0800,41.993,41.957,0.12,0.1
13.11.2023 06:30:22.095 GMT-0800,42.004,41.966,0.12,0.12
13.11.2023 06:30:22.610 GMT-0800,41.993,41.967,0.0009,0.12
13.11.2023 06:30:22.766 GMT-0800,41.983000000000004,41.967,0.0009,0.09
13.11.2023 06:30:22.816 GMT-0800,41.983000000000004,41.957,0.12,0.12
13.11.2023 06:30:22.934 GMT-0800,41.993,41.957,0.12,0.12
13.11.2023 06:30:22.985 GMT-0800,41.983000000000004,41.957,0.12,0.12
13.11.2023 06:30:23.123 GMT-0800,41.993,41.957,0.12,0.12
13.11.2023 06:30:23.245 GMT-0800,41.983000000000004,41.957,0.0009,0.12
13.11.2023 06:30:23.823 GMT-0800,41.994,41.956,0.12,0.12
13.11.2023 06:30:24.511 GMT-0800,41.983000000000004,41.957,0.0009,0.12
13.11.2023 06:30:25.215 GMT-0800,41.993,41.957,0.12,0.12
13.11.2023 06:30:25.266 GMT-0800,41.983000000000004,41.957,0.12,0.12
13.11.2023 06:30:25.316 GMT-0800,41.983999999999995,41.946000000000005,0.12,0.12
13.11.2023 06:30:25.417 GMT-0800,41.983999999999995,41.93600000000001,0.12,0.12
13.11.2023 06:30:25.468 GMT-0800,41.983999999999995,41.93600000000001,0.12,0.1
13.11.2023 06:30:25.569 GMT-0800,41.973000000000006,41.946999999999996,0.12,0.12
13.11.2023 06:30:26.596 GMT-0800,41.973000000000006,41.946999999999996,0.09,0.1
13.11.2023 06:30:26.698 GMT-0800,41.983999999999995,41.966,0.12,0.12
13.11.2023 06:30:27.877 GMT-0800,41.993,41.967,0.12,0.12
13.11.2023 06:30:27.928 GMT-0800,42.004,41.976000000000006,0.12,0.12
13.11.2023 06:30:27.979 GMT-0800,42.004,41.966,0.12,0.12
13.11.2023 06:30:28.029 GMT-0800,41.993,41.967,0.0009,0.12
13.11.2023 06:30:29.020 GMT-0800,42.003,41.977,0.12,0.12
13.11.2023 06:30:30.120 GMT-0800,42.013999999999996,41.976000000000006,0.12,0.12
13.11.2023 06:30:30.587 GMT-0800,41.994,41.976000000000006,0.0009,0.09
13.11.2023 06:30:30.637 GMT-0800,41.993,41.967,0.12,0.12
13.11.2023 06:30:30.738 GMT-0800,42.003,41.967,0.12,0.12
13.11.2023 06:30:30.790 GMT-0800,41.994,41.966,0.0009,0.12
13.11.2023 06:30:31.285 GMT-0800,42.004,41.966,0.12,0.12
13.11.2023 06:30:31.340 GMT-0800,41.993,41.967,0.0009,0.12
13.11.2023 06:30:31.441 GMT-0800,42.003,41.977,0.12,0.12
13.11.2023 06:30:31.680 GMT-0800,41.994,41.976000000000006,0.0009,0.09
13.11.2023 06:30:31.730 GMT-0800,42.004,41.966,0.12,0.12
13.11.2023 06:30:32.777 GMT-0800,42.004,41.966,0.12,0.1
13.11.2023 06:30:32.828 GMT-0800,42.013000000000005,41.977,0.12,0.12
13.11.2023 06:30:32.890 GMT-0800,42.013000000000005,41.977,0.12,0.1
13.11.2023 06:30:32.941 GMT-0800,42.013000000000005,41.977,0.12,0.12
13.11.2023 06:30:33.130 GMT-0800,42.013999999999996,41.986000000000004,0.12,0.12
13.11.2023 06:30:33.181 GMT-0800,42.013999999999996,41.976000000000006,0.12,0.12
13.11.2023 06:30:33.784 GMT-0800,42.013999999999996,41.976000000000006,0.12,0.1
13.11.2023 06:30:33.885 GMT-0800,42.003,41.977,0.12,0.12
13.11.2023 06:30:33.936 GMT-0800,42.013999999999996,41.976000000000006,0.12,0.12
13.11.2023 06:30:35.241 GMT-0800,42.013000000000005,41.977,0.12,0.1
13.11.2023 06:30:35.292 GMT-0800,42.013999999999996,41.976000000000006,0.12,0.12
13.11.2023 06:30:35.361 GMT-0800,42.013999999999996,41.976000000000006,0.12,0.1
13.11.2023 06:30:35.710 GMT-0800,42.013999999999996,41.976000000000006,0.12,0.12
13.11.2023 06:30:35.801 GMT-0800,42.013999999999996,41.986000000000004,0.12,0.09
13.11.2023 06:30:35.859 GMT-0800,42.013000000000005,41.977,0.12,0.12
13.11.2023 06:30:36.402 GMT-0800,42.013999999999996,41.976000000000006,0.12,0.1
13.11.2023 06:30:36.453 GMT-0800,42.013000000000005,41.977,0.12,0.12
13.11.2023 06:30:36.630 GMT-0800,42.013000000000005,41.977,0.12,0.1
13.11.2023 06:30:36.680 GMT-0800,42.013999999999996,41.976000000000006,0.12,0.12
13.11.2023 06:30:37.085 GMT-0800,42.013000000000005,41.977,0.12,0.1
13.11.2023 06:30:37.251 GMT-0800,42.013999999999996,41.976000000000006,0.12,0.12
13.11.2023 06:30:37.679 GMT-0800,41.993,41.977,0.0009,0.09
13.11.2023 06:30:37.729 GMT-0800,42.004,41.976000000000006,0.12,0.12
13.11.2023 06:30:37.849 GMT-0800,42.013000000000005,41.977,0.12,0.12
13.11.2023 06:30:37.900 GMT-0800,42.004,41.976000000000006,0.12,0.12
13.11.2023 06:30:38.190 GMT-0800,42.013999999999996,41.976000000000006,0.12,0.12
13.11.2023 06:30:38.441 GMT-0800,42.004,41.976000000000006,0.09,0.12
13.11.2023 06:30:38.492 GMT-0800,42.013999999999996,41.976000000000006,0.12,0.12
13.11.2023 06:30:40.075 GMT-0800,42.003,41.977,0.0009,0.12
13.11.2023 06:30:42.303 GMT-0800,42.013999999999996,41.976000000000006,0.12,0.12
13.11.2023 06:30:42.802 GMT-0800,42.003,41.977,0.0009,0.1
13.11.2023 06:30:42.853 GMT-0800,42.003,41.977,0.12,0.12
13.11.2023 06:30:43.515 GMT-0800,42.013999999999996,41.976000000000006,0.12,0.12
13.11.2023 06:30:43.972 GMT-0800,42.013000000000005,41.977,0.12,0.1
13.11.2023 06:30:44.188 GMT-0800,42.013999999999996,41.996,0.12,0.09
13.11.2023 06:30:44.242 GMT-0800,42.023,41.997,0.12,0.12
13.11.2023 06:30:44.649 GMT-0800,42.023,41.997,0.12,0.1
13.11.2023 06:30:44.699 GMT-0800,42.023999999999994,41.996,0.09,0.12
13.11.2023 06:30:44.750 GMT-0800,42.034,41.996,0.12,0.12
13.11.2023 06:30:44.801 GMT-0800,42.034,41.996,0.12,0.1
13.11.2023 06:30:44.996 GMT-0800,42.023,42.007,0.0009,0.09
13.11.2023 06:30:45.047 GMT-0800,42.023999999999994,41.996,0.12,0.12
13.11.2023 06:30:45.687 GMT-0800,42.023999999999994,41.996,0.09,0.1
13.11.2023 06:30:45.738 GMT-0800,42.033,42.007,0.12,0.12
13.11.2023 06:30:46.071 GMT-0800,42.033,41.997,0.12,0.12
13.11.2023 06:30:46.701 GMT-0800,42.034,41.996,0.12,0.1
13.11.2023 06:30:46.827 GMT-0800,42.013000000000005,41.997,0.0009,0.09
13.11.2023 06:30:46.878 GMT-0800,42.013000000000005,41.987,0.12,0.12
13.11.2023 06:30:46.929 GMT-0800,42.023,41.997,0.12,0.12
13.11.2023 06:30:47.396 GMT-0800,42.023,41.997,0.12,0.1
13.11.2023 06:30:47.552 GMT-0800,42.033,42.007,0.12,0.12
13.11.2023 06:30:47.679 GMT-0800,42.023,41.997,0.12,0.12
13.11.2023 06:30:48.163 GMT-0800,42.034,41.996,0.12,0.12
13.11.2023 06:30:48.708 GMT-0800,42.013000000000005,41.987,0.12,0.12
13.11.2023 06:30:49.014 GMT-0800,42.004,41.986000000000004,0.0009,0.09
13.11.2023 06:30:49.065 GMT-0800,42.003,41.977,0.12,0.12
13.11.2023 06:30:49.187 GMT-0800,41.993,41.977,0.0009,0.12
13.11.2023 06:30:49.238 GMT-0800,42.013000000000005,41.987,0.12,0.12
13.11.2023 06:30:49.341 GMT-0800,42.013999999999996,41.976000000000006,0.12,0.12
13.11.2023 06:30:49.467 GMT-0800,42.004,41.976000000000006,0.0009,0.12
13.11.2023 06:30:49.859 GMT-0800,41.994,41.976000000000006,0.0009,0.09
13.11.2023 06:30:49.909 GMT-0800,42.003,41.967,0.12,0.12
13.11.2023 06:30:50.048 GMT-0800,41.994,41.966,0.12,0.12
13.11.2023 06:30:50.099 GMT-0800,42.003,41.967,0.12,0.12
13.11.2023 06:30:50.176 GMT-0800,41.993,41.967,0.0009,0.12
13.11.2023 06:30:51.146 GMT-0800,41.983999999999995,41.966,0.0009,0.12
13.11.2023 06:30:51.197 GMT-0800,41.993,41.957,0.12,0.12
13.11.2023 06:30:51.249 GMT-0800,41.994,41.956,0.12,0.1
13.11.2023 06:30:51.300 GMT-0800,41.994,41.956,0.12,0.12
13.11.2023 06:30:52.362 GMT-0800,41.993,41.957,0.12,0.1
13.11.2023 06:30:52.825 GMT-0800,41.994,41.966,0.12,0.1
13.11.2023 06:30:52.876 GMT-0800,42.004,41.976000000000006,0.12,0.12
13.11.2023 06:30:53.099 GMT-0800,42.003,41.967,0.12,0.12
13.11.2023 06:30:53.508 GMT-0800,41.994,41.966,0.0009,0.09
13.11.2023 06:30:53.559 GMT-0800,41.993,41.957,0.12,0.12
13.11.2023 06:30:57.876 GMT-0800,41.993,41.957,0.12,0.1
13.11.2023 06:30:57.978 GMT-0800,41.993,41.967,0.12,0.12
13.11.2023 06:30:58.080 GMT-0800,41.994,41.966,0.09,0.1
13.11.2023 06:30:58.131 GMT-0800,42.013000000000005,41.987,0.12,0.12
13.11.2023 06:30:59.166 GMT-0800,42.004,41.976000000000006,0.12,0.12
13.11.2023 06:30:59.295 GMT-0800,42.004,41.966,0.12,0.12
13.11.2023 06:30:59.432 GMT-0800,41.994,41.956,0.12,0.12
13.11.2023 06:30:59.533 GMT-0800,42.004,41.976000000000006,0.12,0.12
13.11.2023 06:30:59.635 GMT-0800,41.994,41.976000000000006,0.0009,0.09
13.11.2023 06:30:59.694 GMT-0800,41.994,41.966,0.09,0.12
13.11.2023 06:30:59.745 GMT-0800,42.003,41.967,0.12,0.12
13.11.2023 06:30:59.799 GMT-0800,41.983999999999995,41.966,0.0009,0.12
13.11.2023 06:31:00.212 GMT-0800,41.983000000000004,41.957,0.12,0.12
13.11.2023 06:31:00.346 GMT-0800,41.983999999999995,41.956,0.09,0.1
13.11.2023 06:31:00.415 GMT-0800,41.993,41.967,0.12,0.12
13.11.2023 06:31:00.575 GMT-0800,41.983000000000004,41.967,0.0009,0.09
13.11.2023 06:31:00.626 GMT-0800,41.983999999999995,41.956,0.12,0.12
13.11.2023 06:31:00.915 GMT-0800,41.974,41.956,0.12,0.12
13.11.2023 06:31:04.011 GMT-0800,41.964,41.956,0.0009,0.09
13.11.2023 06:31:04.062 GMT-0800,41.964,41.946000000000005,0.12,0.12
13.11.2023 06:31:04.113 GMT-0800,41.963,41.927,0.12,0.12
13.11.2023 06:31:07.020 GMT-0800,41.963,41.927,0.12,0.1
13.11.2023 06:31:07.071 GMT-0800,41.963,41.927,0.12,0.12
13.11.2023 06:31:07.625 GMT-0800,41.954,41.926,0.0009,0.12
13.11.2023 06:31:07.835 GMT-0800,41.954,41.926,0.09,0.1
13.11.2023 06:31:08.061 GMT-0800,41.954,41.926,0.12,0.12
13.11.2023 06:31:08.185 GMT-0800,41.943999999999996,41.926,0.0009,0.09
13.11.2023 06:31:08.236 GMT-0800,41.974,41.93600000000001,0.12,0.12
13.11.2023 06:31:08.337 GMT-0800,41.974,41.926,0.12,0.12
13.11.2023 06:31:08.390 GMT-0800,41.973000000000006,41.927,0.12,0.1
13.11.2023 06:31:08.656 GMT-0800,41.973000000000006,41.927,0.12,0.12
13.11.2023 06:31:08.759 GMT-0800,41.954,41.926,0.0009,0.12
13.11.2023 06:31:08.861 GMT-0800,41.964,41.93600000000001,0.12,0.12
13.11.2023 06:31:09.026 GMT-0800,41.973000000000006,41.937,0.12,0.12
13.11.2023 06:31:09.128 GMT-0800,41.954,41.926,0.0009,0.09
13.11.2023 06:31:09.178 GMT-0800,41.954,41.916000000000004,0.12,0.12
13.11.2023 06:31:09.330 GMT-0800,41.954,41.916000000000004,0.12,0.1
13.11.2023 06:31:10.986 GMT-0800,41.953,41.927,0.09,0.1
13.11.2023 06:31:11.037 GMT-0800,41.964,41.93600000000001,0.12,0.12
13.11.2023 06:31:11.146 GMT-0800,41.973000000000006,41.937,0.12,0.12
13.11.2023 06:31:11.444 GMT-0800,41.973000000000006,41.937,0.12,0.1
13.11.2023 06:31:12.296 GMT-0800,41.983999999999995,41.946000000000005,0.12,0.12
13.11.2023 06:31:12.400 GMT-0800,41.983000000000004,41.937,0.12,0.12
13.11.2023 06:31:12.501 GMT-0800,41.983000000000004,41.946999999999996,0.12,0.12
13.11.2023 06:31:12.634 GMT-0800,41.974,41.946000000000005,0.0009,0.09
13.11.2023 06:31:12.685 GMT-0800,41.973000000000006,41.937,0.12,0.12
13.11.2023 06:31:12.735 GMT-0800,41.983999999999995,41.946000000000005,0.12,0.12
13.11.2023 06:31:13.671 GMT-0800,41.973000000000006,41.946999999999996,0.0009,0.12
13.11.2023 06:31:13.890 GMT-0800,41.964,41.946000000000005,0.0009,0.09
13.11.2023 06:31:13.941 GMT-0800,41.974,41.93600000000001,0.12,0.12
13.11.2023 06:31:14.216 GMT-0800,41.983000000000004,41.937,0.12,0.12
13.11.2023 06:31:14.268 GMT-0800,41.983000000000004,41.937,0.12,0.1
13.11.2023 06:31:14.319 GMT-0800,41.983999999999995,41.93600000000001,0.12,0.12
13.11.2023 06:31:14.389 GMT-0800,41.983999999999995,41.93600000000001,0.12,0.1
13.11.2023 06:31:14.440 GMT-0800,41.983999999999995,41.93600000000001,0.12,0.12
13.11.2023 06:31:14.528 GMT-0800,41.983999999999995,41.93600000000001,0.12,0.1
13.11.2023 06:31:14.579 GMT-0800,41.983999999999995,41.93600000000001,0.12,0.12
13.11.2023 06:31:14.657 GMT-0800,41.974,41.93600000000001,0.0009,0.1
13.11.2023 06:31:14.708 GMT-0800,41.973000000000006,41.937,0.0009,0.12
13.11.2023 06:31:14.896 GMT-0800,41.974,41.93600000000001,0.12,0.1
13.11.2023 06:31:14.947 GMT-0800,41.973000000000006,41.937,0.12,0.12
13.11.2023 06:31:15.027 GMT-0800,41.973000000000006,41.937,0.12,0.1
13.11.2023 06:31:15.128 GMT-0800,41.974,41.946000000000005,0.09,0.1
13.11.2023 06:31:15.178 GMT-0800,41.974,41.946000000000005,0.09,0.12
13.11.2023 06:31:15.229 GMT-0800,41.983000000000004,41.946999999999996,0.12,0.12
13.11.2023 06:31:15.280 GMT-0800,41.973000000000006,41.937,0.12,0.12
13.11.2023 06:31:15.385 GMT-0800,41.974,41.946000000000005,0.12,0.12
13.11.2023 06:31:15.646 GMT-0800,41.983000000000004,41.946999999999996,0.12,0.12
13.11.2023 06:31:17.351 GMT-0800,41.973000000000006,41.946999999999996,0.0009,0.12
13.11.2023 06:31:17.402 GMT-0800,41.983999999999995,41.946000000000005,0.12,0.12
13.11.2023 06:31:17.873 GMT-0800,41.983000000000004,41.946999999999996,0.09,0.1
13.11.2023 06:31:17.923 GMT-0800,41.983000000000004,41.946999999999996,0.09,0.12
13.11.2023 06:31:17.974 GMT-0800,42.003,41.977,0.12,0.12
13.11.2023 06:31:20.279 GMT-0800,41.994,41.976000000000006,0.0009,0.09
13.11.2023 06:31:20.330 GMT-0800,42.004,41.976000000000006,0.12,0.12
13.11.2023 06:31:20.740 GMT-0800,41.993,41.977,0.0009,0.09
13.11.2023 06:31:20.791 GMT-0800,41.993,41.957,0.12,0.12
13.11.2023 06:31:20.898 GMT-0800,42.003,41.957,0.12,0.12
13.11.2023 06:31:21.567 GMT-0800,41.994,41.956,0.0009,0.1
13.11.2023 06:31:21.668 GMT-0800,42.003,41.977,0.12,0.12
13.11.2023 06:31:21.857 GMT-0800,41.993,41.967,0.12,0.12
13.11.2023 06:31:22.476 GMT-0800,41.993,41.957,0.12,0.12
13.11.2023 06:31:23.171 GMT-0800,41.994,41.956,0.12,0.1
13.11.2023 06:31:23.636 GMT-0800,41.994,41.956,0.12,0.12
13.11.2023 06:31:24.181 GMT-0800,41.994,41.956,0.12,0.1
13.11.2023 06:31:24.231 GMT-0800,41.994,41.956,0.12,0.12
13.11.2023 06:31:24.431 GMT-0800,42.004,41.966,0.12,0.12
13.11.2023 06:31:24.555 GMT-0800,42.003,41.977,0.12,0.12
13.11.2023 06:31:24.657 GMT-0800,42.013999999999996,41.986000000000004,0.12,0.12
13.11.2023 06:31:25.232 GMT-0800,42.023,41.987,0.12,0.12
13.11.2023 06:31:26.471 GMT-0800,42.013999999999996,41.986000000000004,0.0009,0.09
13.11.2023 06:31:26.521 GMT-0800,42.013000000000005,41.977,0.12,0.12
13.11.2023 06:31:26.623 GMT-0800,42.013999999999996,41.986000000000004,0.12,0.12
13.11.2023 06:31:28.002 GMT-0800,42.013000000000005,41.987,0.12,0.1
13.11.2023 06:31:28.360 GMT-0800,42.023999999999994,41.996,0.12,0.12
13.11.2023 06:31:28.678 GMT-0800,42.023999999999994,41.986000000000004,0.12,0.12
13.11.2023 06:31:28.738 GMT-0800,42.023,41.987,0.12,0.1
13.11.2023 06:31:29.332 GMT-0800,42.023,41.997,0.12,0.1
13.11.2023 06:31:29.383 GMT-0800,42.023999999999994,41.996,0.12,0.12
13.11.2023 06:31:29.496 GMT-0800,42.023,41.987,0.12,0.12
13.11.2023 06:31:29.564 GMT-0800,42.013000000000005,41.987,0.0009,0.12
13.11.2023 06:31:30.472 GMT-0800,42.003,41.987,0.0009,0.12
13.11.2023 06:31:30.523 GMT-0800,42.013000000000005,41.987,0.12,0.12
13.11.2023 06:31:30.894 GMT-0800,42.003,41.987,0.0009,0.12
13.11.2023 06:31:30.945 GMT-0800,42.013000000000005,41.987,0.12,0.12
13.11.2023 06:31:31.752 GMT-0800,42.004,41.986000000000004,0.0009,0.09
13.11.2023 06:31:31.913 GMT-0800,42.003,41.977,0.12,0.12
13.11.2023 06:31:31.964 GMT-0800,42.003,41.967,0.12,0.12
13.11.2023 06:31:32.297 GMT-0800,41.994,41.966,0.0009,0.12
13.11.2023 06:31:33.768 GMT-0800,41.993,41.977,0.12,0.12
13.11.2023 06:31:33.818 GMT-0800,42.003,41.967,0.12,0.12
13.11.2023 06:31:33.869 GMT-0800,41.994,41.966,0.12,0.12
13.11.2023 06:31:33.920 GMT-0800,41.994,41.956,0.12,0.12
13.11.2023 06:31:34.158 GMT-0800,41.994,41.956,0.12,0.1
13.11.2023 06:31:34.779 GMT-0800,41.994,41.956,0.12,0.12
13.11.2023 06:31:35.963 GMT-0800,41.994,41.956,0.12,0.1
13.11.2023 06:31:36.013 GMT-0800,42.003,41.967,0.12,0.12
13.11.2023 06:31:36.152 GMT-0800,42.004,41.966,0.12,0.1
13.11.2023 06:31:36.658 GMT-0800,42.003,41.967,0.12,0.12
13.11.2023 06:31:36.709 GMT-0800,41.994,41.966,0.12,0.12
13.11.2023 06:31:37.285 GMT-0800,41.994,41.966,0.09,0.1
13.11.2023 06:31:37.336 GMT-0800,42.013000000000005,41.987,0.12,0.09
13.11.2023 06:31:37.387 GMT-0800,42.013999999999996,41.976000000000006,0.12,0.12
13.11.2023 06:31:37.438 GMT-0800,42.013000000000005,41.987,0.12,0.12
13.11.2023 06:31:37.676 GMT-0800,42.013000000000005,41.987,0.09,0.1
13.11.2023 06:31:37.727 GMT-0800,42.023,41.997,0.12,0.12
13.11.2023 06:31:38.277 GMT-0800,42.023,41.987,0.12,0.12
13.11.2023 06:31:39.002 GMT-0800,42.023999999999994,41.986000000000004,0.12,0.1
13.11.2023 06:31:39.103 GMT-0800,42.023,41.987,0.12,0.12
13.11.2023 06:31:39.398 GMT-0800,42.023999999999994,41.986000000000004,0.12,0.1
13.11.2023 06:31:39.499 GMT-0800,42.023,41.987,0.12,0.12
13.11.2023 06:31:39.592 GMT-0800,42.023999999999994,41.986000000000004,0.12,0.1
13.11.2023 06:31:40.310 GMT-0800,42.023,41.997,0.09,0.1
13.11.2023 06:31:40.361 GMT-0800,42.034,42.00600000000001,0.12,0.12
13.11.2023 06:31:40.913 GMT-0800,42.033,41.997,0.12,0.12
13.11.2023 06:31:40.999 GMT-0800,42.034,41.996,0.12,0.1
13.11.2023 06:31:42.061 GMT-0800,42.023,42.007,0.0009,0.12
13.11.2023 06:31:42.112 GMT-0800,42.033,42.007,0.12,0.12
13.11.2023 06:31:43.101 GMT-0800,42.023,42.007,0.0009,0.12
13.11.2023 06:31:43.263 GMT-0800,42.034,42.00600000000001,0.12,0.12
13.11.2023 06:31:45.397 GMT-0800,42.04,42.00600000000001,0.09,0.1
13.11.2023 06:31:45.448 GMT-0800,42.104,42.016000000000005,0.12,0.12
13.11.2023 06:31:45.524 GMT-0800,42.103,42.016999999999996,0.12,0.1
13.11.2023 06:31:45.677 GMT-0800,42.113,42.027,0.12,0.12
13.11.2023 06:31:45.832 GMT-0800,42.074,42.026,0.0009,0.12
13.11.2023 06:31:46.470 GMT-0800,42.073,42.016999999999996,0.12,0.12
13.11.2023 06:31:46.802 GMT-0800,42.074,42.016000000000005,0.12,0.1
13.11.2023 06:31:47.027 GMT-0800,42.053000000000004,42.027,0.0009,0.12
13.11.2023 06:31:47.471 GMT-0800,42.073,42.027,0.12,0.12
13.11.2023 06:31:48.237 GMT-0800,42.053999999999995,42.026,0.0009,0.12
13.11.2023 06:31:48.984 GMT-0800,42.044,42.026,0.0009,0.12
13.11.2023 06:31:49.258 GMT-0800,42.053000000000004,42.027,0.12,0.12
13.11.2023 06:31:50.063 GMT-0800,42.053999999999995,42.026,0.09,0.1
13.11.2023 06:31:50.113 GMT-0800,42.064,42.026,0.12,0.12
13.11.2023 06:31:51.117 GMT-0800,42.053000000000004,42.027,0.0009,0.12
13.11.2023 06:31:53.900 GMT-0800,42.053999999999995,42.026,0.12,0.1
13.11.2023 06:31:53.951 GMT-0800,42.064,42.026,0.12,0.12
13.11.2023 06:31:54.077 GMT-0800,42.053999999999995,42.026,0.0009,0.12
13.11.2023 06:31:54.128 GMT-0800,42.064,42.026,0.12,0.12
13.11.2023 06:31:54.464 GMT-0800,42.064,42.026,0.12,0.1
13.11.2023 06:31:54.515 GMT-0800,42.063,42.027,0.12,0.12
13.11.2023 06:31:55.129 GMT-0800,42.074,42.026,0.12,0.12
13.11.2023 06:31:55.741 GMT-0800,42.074,42.026,0.12,0.1
13.11.2023 06:31:55.908 GMT-0800,42.073,42.027,0.12,0.12
13.11.2023 06:31:56.381 GMT-0800,42.073,42.027,0.12,0.1
13.11.2023 06:31:56.432 GMT-0800,42.073,42.027,0.12,0.12
13.11.2023 06:31:56.764 GMT-0800,42.074,42.026,0.12,0.1
13.11.2023 06:31:56.953 GMT-0800,42.063,42.037,0.09,0.12
13.11.2023 06:31:57.004 GMT-0800,42.074,42.036,0.12,0.12
13.11.2023 06:31:57.253 GMT-0800,42.064,42.036,0.0009,0.12
13.11.2023 06:31:57.405 GMT-0800,42.063,42.037,0.12,0.1
13.11.2023 06:31:57.456 GMT-0800,42.064,42.036,0.12,0.12
13.11.2023 06:31:59.085 GMT-0800,42.063,42.037,0.12,0.1
13.11.2023 06:31:59.265 GMT-0800,42.074,42.04600000000001,0.12,0.12
13.11.2023 06:32:00.019 GMT-0800,42.073,42.037,0.12,0.12
13.11.2023 06:32:00.177 GMT-0800,42.064,42.036,0.0009,0.09
13.11.2023 06:32:00.281 GMT-0800,42.053000000000004,42.027,0.12,0.12
13.11.2023 06:32:00.569 GMT-0800,42.043,42.027,0.12,0.12
13.11.2023 06:32:00.850 GMT-0800,42.053000000000004,42.027,0.12,0.12
13.11.2023 06:32:03.564 GMT-0800,42.064,42.036,0.12,0.12
13.11.2023 06:32:04.146 GMT-0800,42.053000000000004,42.037,0.0009,0.12
13.11.2023 06:32:04.197 GMT-0800,42.064,42.036,0.12,0.12
13.11.2023 06:32:04.493 GMT-0800,42.044,42.036,0.0009,0.09
13.11.2023 06:32:04.544 GMT-0800,42.044,42.026,0.12,0.12
13.11.2023 06:32:05.125 GMT-0800,42.053999999999995,42.026,0.12,0.12
13.11.2023 06:32:05.304 GMT-0800,42.035000000000004,42.027,0.0009,0.09
13.11.2023 06:32:05.355 GMT-0800,42.043,42.027,0.0009,0.09
13.11.2023 06:32:05.405 GMT-0800,42.035000000000004,42.026,0.0009,0.09
13.11.2023 06:32:05.471 GMT-0800,42.034,42.016000000000005,0.12,0.12
13.11.2023 06:32:06.996 GMT-0800,42.053000000000004,42.027,0.12,0.09
13.11.2023 06:32:07.074 GMT-0800,42.053000000000004,42.016999999999996,0.12,0.12
13.11.2023 06:32:07.350 GMT-0800,42.053000000000004,42.016999999999996,0.12,0.1
13.11.2023 06:32:07.461 GMT-0800,42.043,42.016999999999996,0.12,0.12
13.11.2023 06:32:08.146 GMT-0800,42.033,42.016999999999996,0.0009,0.12
13.11.2023 06:32:08.411 GMT-0800,42.043,42.007,0.12,0.12
13.11.2023 06:32:08.698 GMT-0800,42.023999999999994,42.00600000000001,0.0009,0.12
13.11.2023 06:32:08.850 GMT-0800,42.033,42.007,0.12,0.12
13.11.2023 06:32:09.196 GMT-0800,42.033,41.997,0.12,0.12
13.11.2023 06:32:09.247 GMT-0800,42.023999999999994,41.986000000000004,0.12,0.12
13.11.2023 06:32:09.348 GMT-0800,42.023999999999994,41.996,0.12,0.12
13.11.2023 06:32:09.399 GMT-0800,42.023,41.987,0.12,0.12
13.11.2023 06:32:09.486 GMT-0800,42.023,41.987,0.12,0.1
13.11.2023 06:32:11.175 GMT-0800,42.033,41.997,0.12,0.12
13.11.2023 06:32:12.090 GMT-0800,42.034,41.996,0.12,0.1
13.11.2023 06:32:12.242 GMT-0800,42.043,42.016999999999996,0.12,0.1
13.11.2023 06:32:12.579 GMT-0800,42.044,42.026,0.09,0.1
13.11.2023 06:32:12.630 GMT-0800,42.063,42.037,0.12,0.12
13.11.2023 06:32:12.790 GMT-0800,42.043,42.037,0.0009,0.09
13.11.2023 06:32:12.840 GMT-0800,42.043,42.027,0.12,0.12
13.11.2023 06:32:15.321 GMT-0800,42.034,42.026,0.0009,0.09
13.11.2023 06:32:15.372 GMT-0800,42.043,42.016999999999996,0.12,0.12
13.11.2023 06:32:15.490 GMT-0800,42.044,42.00600000000001,0.12,0.12
13.11.2023 06:32:16.322 GMT-0800,42.044,42.00600000000001,0.12,0.1
13.11.2023 06:32:16.423 GMT-0800,42.053999999999995,42.016000000000005,0.12,0.12
13.11.2023 06:32:16.508 GMT-0800,42.034,42.016000000000005,0.0009,0.09
13.11.2023 06:32:16.558 GMT-0800,42.034,42.00600000000001,0.12,0.12
13.11.2023 06:32:16.937 GMT-0800,42.043,42.016999999999996,0.12,0.12
13.11.2023 06:32:17.057 GMT-0800,42.053000000000004,42.027,0.12,0.12
13.11.2023 06:32:17.208 GMT-0800,42.053999999999995,42.016000000000005,0.12,0.12
13.11.2023 06:32:17.430 GMT-0800,42.034,41.996,0.12,0.12
13.11.2023 06:32:17.712 GMT-0800,42.033,41.997,0.09,0.1
13.11.2023 06:32:17.764 GMT-0800,42.053999999999995,42.026,0.12,0.12
13.11.2023 06:32:18.004 GMT-0800,42.043,42.027,0.0009,0.09
13.11.2023 06:32:18.055 GMT-0800,42.034,42.00600000000001,0.12,0.12
13.11.2023 06:32:18.465 GMT-0800,42.033,41.997,0.12,0.12
13.11.2023 06:32:18.597 GMT-0800,42.034,41.996,0.12,0.1
13.11.2023 06:32:18.648 GMT-0800,42.043,42.016999999999996,0.12,0.12
13.11.2023 06:32:19.265 GMT-0800,42.033,42.016999999999996,0.0009,0.09
13.11.2023 06:32:19.369 GMT-0800,42.033,42.007,0.12,0.12
13.11.2023 06:32:19.791 GMT-0800,42.033,42.007,0.09,0.1
13.11.2023 06:32:19.842 GMT-0800,42.053999999999995,42.026,0.12,0.12
13.11.2023 06:32:19.949 GMT-0800,42.053000000000004,42.016999999999996,0.12,0.12
13.11.2023 06:32:20.101 GMT-0800,42.053999999999995,42.026,0.12,0.12
13.11.2023 06:32:20.709 GMT-0800,42.053000000000004,42.027,0.09,0.1
13.11.2023 06:32:20.759 GMT-0800,42.064,42.036,0.12,0.12
13.11.2023 06:32:20.888 GMT-0800,42.068000000000005,42.036,0.09,0.1
13.11.2023 06:32:20.939 GMT-0800,42.113,42.057,0.12,0.12
13.11.2023 06:32:21.044 GMT-0800,42.113,42.047,0.12,0.12
13.11.2023 06:32:21.095 GMT-0800,42.073,42.047,0.0009,0.12
13.11.2023 06:32:21.740 GMT-0800,42.073,42.037,0.12,0.12
13.11.2023 06:32:22.028 GMT-0800,42.073,42.037,0.12,0.1
13.11.2023 06:32:22.079 GMT-0800,42.074,42.036,0.12,0.12
13.11.2023 06:32:22.304 GMT-0800,42.073,42.037,0.12,0.1
13.11.2023 06:32:22.355 GMT-0800,42.073,42.037,0.12,0.12
13.11.2023 06:32:22.949 GMT-0800,42.073,42.037,0.12,0.1
13.11.2023 06:32:23.056 GMT-0800,42.064,42.036,0.12,0.1
13.11.2023 06:32:23.346 GMT-0800,42.064,42.036,0.12,0.12
13.11.2023 06:32:23.397 GMT-0800,42.064,42.04600000000001,0.12,0.12
13.11.2023 06:32:23.448 GMT-0800,42.064,42.036,0.12,0.12
13.11.2023 06:32:23.654 GMT-0800,42.064,42.036,0.12,0.1
13.11.2023 06:32:24.010 GMT-0800,42.064,42.036,0.12,0.12
13.11.2023 06:32:24.307 GMT-0800,42.063,42.037,0.12,0.1
13.11.2023 06:32:24.461 GMT-0800,42.063,42.037,0.12,0.12
13.11.2023 06:32:24.920 GMT-0800,42.063,42.037,0.12,0.1
13.11.2023 06:32:25.252 GMT-0800,42.064,42.036,0.12,0.12
13.11.2023 06:32:25.314 GMT-0800,42.064,42.036,0.12,0.1
13.11.2023 06:32:25.416 GMT-0800,42.064,42.036,0.12,0.12
13.11.2023 06:32:25.599 GMT-0800,42.064,42.036,0.12,0.1
13.11.2023 06:32:27.467 GMT-0800,42.063,42.047,0.09,0.1
13.11.2023 06:32:27.518 GMT-0800,42.073,42.057,0.12,0.12
13.11.2023 06:32:28.083 GMT-0800,42.083999999999996,42.056000000000004,0.12,0.12
13.11.2023 06:32:28.213 GMT-0800,42.083999999999996,42.056000000000004,0.12,0.1
13.11.2023 06:32:28.315 GMT-0800,42.083999999999996,42.056000000000004,0.12,0.12
13.11.2023 06:32:28.365 GMT-0800,42.083999999999996,42.066,0.12,0.09
13.11.2023 06:32:28.416 GMT-0800,42.083999999999996,42.056000000000004,0.12,0.12
13.11.2023 06:32:28.857 GMT-0800,42.083000000000006,42.057,0.12,0.1
13.11.2023 06:32:29.970 GMT-0800,42.083000000000006,42.057,0.12,0.12
13.11.2023 06:32:30.135 GMT-0800,42.093,42.047,0.12,0.12
13.11.2023 06:32:30.186 GMT-0800,42.083999999999996,42.04600000000001,0.12,0.12
13.11.2023 06:32:30.502 GMT-0800,42.093999999999994,42.066,0.0009,0.09
13.11.2023 06:32:30.552 GMT-0800,42.103,42.057,0.12,0.12
13.11.2023 06:32:30.603 GMT-0800,42.104,42.056000000000004,0.12,0.1
13.11.2023 06:32:30.756 GMT-0800,42.104,42.056000000000004,0.12,0.12
13.11.2023 06:32:30.807 GMT-0800,42.104,42.066,0.12,0.12
13.11.2023 06:32:30.940 GMT-0800,42.083000000000006,42.057,0.12,0.12
13.11.2023 06:32:35.072 GMT-0800,42.074,42.056000000000004,0.0009,0.09
13.11.2023 06:32:35.123 GMT-0800,42.083999999999996,42.056000000000004,0.12,0.12
13.11.2023 06:32:35.392 GMT-0800,42.083000000000006,42.047,0.12,0.12
13.11.2023 06:32:35.768 GMT-0800,42.063,42.047,0.0009,0.09
13.11.2023 06:32:35.819 GMT-0800,42.074,42.04600000000001,0.12,0.12
13.11.2023 06:32:36.108 GMT-0800,42.074,42.036,0.12,0.12
13.11.2023 06:32:36.957 GMT-0800,42.074,42.026,0.12,0.12
13.11.2023 06:32:37.008 GMT-0800,42.073,42.027,0.09,0.1
13.11.2023 06:32:37.059 GMT-0800,42.083999999999996,42.036,0.12,0.12
13.11.2023 06:32:37.267 GMT-0800,42.083000000000006,42.027,0.12,0.12
13.11.2023 06:32:37.467 GMT-0800,42.053000000000004,42.027,0.0009,0.12
13.11.2023 06:32:37.806 GMT-0800,42.064,42.036,0.12,0.09
13.11.2023 06:32:37.857 GMT-0800,42.063,42.027,0.12,0.12
13.11.2023 06:32:39.564 GMT-0800,42.053999999999995,42.026,0.0009,0.12
13.11.2023 06:32:39.615 GMT-0800,42.053999999999995,42.016000000000005,0.12,0.12
13.11.2023 06:32:41.441 GMT-0800,42.053999999999995,42.016000000000005,0.12,0.1
13.11.2023 06:32:41.593 GMT-0800,42.053000000000004,42.037,0.12,0.12
13.11.2023 06:32:42.164 GMT-0800,42.053999999999995,42.036,0.09,0.1
13.11.2023 06:32:42.214 GMT-0800,42.064,42.04600000000001,0.12,0.12
13.11.2023 06:32:42.625 GMT-0800,42.063,42.037,0.12,0.12
13.11.2023 06:32:43.619 GMT-0800,42.064,42.036,0.12,0.1
13.11.2023 06:32:43.669 GMT-0800,42.083999999999996,42.04600000000001,0.12,0.12
13.11.2023 06:32:43.910 GMT-0800,42.083999999999996,42.036,0.12,0.12
13.11.2023 06:32:45.023 GMT-0800,42.074,42.036,0.0009,0.1
13.11.2023 06:32:45.074 GMT-0800,42.083000000000006,42.047,0.12,0.12
13.11.2023 06:32:45.923 GMT-0800,42.083999999999996,42.04600000000001,0.12,0.1
13.11.2023 06:32:46.835 GMT-0800,42.083000000000006,42.047,0.12,0.12
13.11.2023 06:32:47.940 GMT-0800,42.083000000000006,42.047,0.12,0.1
13.11.2023 06:32:48.132 GMT-0800,42.074,42.056000000000004,0.0009,0.09
13.11.2023 06:32:48.183 GMT-0800,42.083999999999996,42.04600000000001,0.12,0.12
13.11.2023 06:32:48.596 GMT-0800,42.064,42.036,0.0009,0.12
13.11.2023 06:32:49.213 GMT-0800,42.063,42.047,0.12,0.09
13.11.2023 06:32:49.264 GMT-0800,42.063,42.037,0.12,0.12
13.11.2023 06:32:50.247 GMT-0800,42.063,42.037,0.12,0.1
13.11.2023 06:32:50.298 GMT-0800,42.063,42.037,0.12,0.12
13.11.2023 06:32:50.396 GMT-0800,42.063,42.037,0.12,0.1
13.11.2023 06:32:50.447 GMT-0800,42.063,42.037,0.12,0.12
13.11.2023 06:32:51.247 GMT-0800,42.063,42.037,0.12,0.1
13.11.2023 06:32:51.298 GMT-0800,42.063,42.037,0.12,0.12
13.11.2023 06:32:51.521 GMT-0800,42.063,42.047,0.12,0.12
13.11.2023 06:32:51.629 GMT-0800,42.063,42.037,0.12,0.12
13.11.2023 06:32:52.217 GMT-0800,42.063,42.037,0.12,0.1
13.11.2023 06:32:52.268 GMT-0800,42.083000000000006,42.057,0.12,0.12
13.11.2023 06:32:52.942 GMT-0800,42.083999999999996,42.04600000000001,0.12,0.12
13.11.2023 06:32:54.354 GMT-0800,42.083999999999996,42.04600000000001,0.12,0.1
13.11.2023 06:32:55.103 GMT-0800,42.083000000000006,42.057,0.12,0.12
13.11.2023 06:32:59.858 GMT-0800,42.083999999999996,42.056000000000004,0.12,0.1
13.11.2023 06:33:00.475 GMT-0800,42.083999999999996,42.056000000000004,0.12,0.12
13.11.2023 06:33:02.126 GMT-0800,42.063,42.057,0.0009,0.09
13.11.2023 06:33:02.177 GMT-0800,42.074,42.036,0.12,0.12
13.11.2023 06:33:02.278 GMT-0800,42.064,42.026,0.12,0.12
13.11.2023 06:33:02.379 GMT-0800,42.073,42.037,0.12,0.12
13.11.2023 06:33:02.541 GMT-0800,42.063,42.027,0.12,0.12
13.11.2023 06:33:02.660 GMT-0800,42.064,42.026,0.09,0.1
13.11.2023 06:33:02.711 GMT-0800,42.063,42.027,0.12,0.12
13.11.2023 06:33:03.009 GMT-0800,42.044,42.026,0.0009,0.09
13.11.2023 06:33:03.060 GMT-0800,42.053000000000004,42.016999999999996,0.12,0.12
13.11.2023 06:33:03.139 GMT-0800,42.033,42.016999999999996,0.0009,0.12
13.11.2023 06:33:03.290 GMT-0800,42.053000000000004,42.016999999999996,0.12,0.12
13.11.2023 06:33:03.560 GMT-0800,42.023,42.016999999999996,0.0009,0.09
13.11.2023 06:33:03.611 GMT-0800,42.043,42.007,0.12,0.12
13.11.2023 06:33:03.713 GMT-0800,42.033,42.007,0.0009,0.09
13.11.2023 06:33:03.763 GMT-0800,42.034,41.996,0.12,0.12
13.11.2023 06:33:04.101 GMT-0800,42.023999999999994,41.996,0.0009,0.09
13.11.2023 06:33:04.152 GMT-0800,42.023999999999994,41.986000000000004,0.12,0.12
13.11.2023 06:33:04.253 GMT-0800,42.034,41.986000000000004,0.12,0.12
13.11.2023 06:33:04.304 GMT-0800,42.013999999999996,41.986000000000004,0.0009,0.12
13.11.2023 06:33:05.631 GMT-0800,42.013999999999996,41.976000000000006,0.12,0.12
13.11.2023 06:33:05.869 GMT-0800,42.003,41.977,0.0009,0.12
13.11.2023 06:33:08.516 GMT-0800,41.994,41.976000000000006,0.0009,0.12
13.11.2023 06:33:10.759 GMT-0800,41.993,41.957,0.12,0.12
13.11.2023 06:33:10.992 GMT-0800,41.994,41.956,0.12,0.1
13.11.2023 06:33:11.355 GMT-0800,41.993,41.967,0.12,0.1
13.11.2023 06:33:12.100 GMT-0800,41.993,41.967,0.12,0.12
13.11.2023 06:33:12.461 GMT-0800,41.994,41.966,0.09,0.1
13.11.2023 06:33:12.512 GMT-0800,42.004,41.986000000000004,0.12,0.12
13.11.2023 06:33:13.252 GMT-0800,42.004,41.976000000000006,0.12,0.12
13.11.2023 06:33:13.521 GMT-0800,42.003,41.977,0.12,0.1
13.11.2023 06:33:13.716 GMT-0800,42.004,41.976000000000006,0.12,0.12
13.11.2023 06:33:14.875 GMT-0800,42.004,41.976000000000006,0.12,0.1
13.11.2023 06:33:15.325 GMT-0800,42.003,41.977,0.12,0.12
13.11.2023 06:33:15.386 GMT-0800,42.003,41.977,0.12,0.1
13.11.2023 06:33:16.025 GMT-0800,42.003,41.977,0.12,0.12
13.11.2023 06:33:16.460 GMT-0800,42.004,41.976000000000006,0.12,0.1
13.11.2023 06:33:17.634 GMT-0800,42.004,41.976000000000006,0.12,0.12
13.11.2023 06:33:19.380 GMT-0800,42.004,41.966,0.12,0.12
13.11.2023 06:33:19.438 GMT-0800,42.004,41.966,0.12,0.1
13.11.2023 06:33:20.357 GMT-0800,41.993,41.967,0.12,0.12
13.11.2023 06:33:20.556 GMT-0800,41.983999999999995,41.956,0.09,0.12
13.11.2023 06:33:20.607 GMT-0800,41.993,41.957,0.12,0.12
13.11.2023 06:33:20.657 GMT-0800,41.994,41.966,0.12,0.12
13.11.2023 06:33:20.890 GMT-0800,41.994,41.956,0.12,0.12
13.11.2023 06:33:21.147 GMT-0800,41.983999999999995,41.956,0.0009,0.12
13.11.2023 06:33:21.197 GMT-0800,41.993,41.957,0.12,0.12
13.11.2023 06:33:21.253 GMT-0800,41.983000000000004,41.957,0.0009,0.12
13.11.2023 06:33:21.354 GMT-0800,41.983000000000004,41.946999999999996,0.12,0.12
13.11.2023 06:33:21.405 GMT-0800,41.983999999999995,41.946000000000005,0.12,0.1
13.11.2023 06:33:21.506 GMT-0800,41.983999999999995,41.946000000000005,0.12,0.12
13.11.2023 06:33:21.557 GMT-0800,41.983000000000004,41.937,0.12,0.12
13.11.2023 06:33:22.151 GMT-0800,41.983000000000004,41.937,0.12,0.1
13.11.2023 06:33:22.812 GMT-0800,41.983999999999995,41.956,0.12,0.12
13.11.2023 06:33:23.042 GMT-0800,41.983000000000004,41.957,0.12,0.1
13.11.2023 06:33:23.535 GMT-0800,41.983000000000004,41.957,0.12,0.12
13.11.2023 06:33:26.581 GMT-0800,41.983000000000004,41.957,0.12,0.1
13.11.2023 06:33:27.112 GMT-0800,41.983999999999995,41.966,0.09,0.1
13.11.2023 06:33:27.163 GMT-0800,41.993,41.977,0.12,0.12
13.11.2023 06:33:28.134 GMT-0800,41.994,41.976000000000006,0.09,0.1
13.11.2023 06:33:28.185 GMT-0800,42.004,41.986000000000004,0.12,0.12
13.11.2023 06:33:28.440 GMT-0800,42.003,41.977,0.12,0.12
13.11.2023 06:33:30.910 GMT-0800,41.994,41.976000000000006,0.0009,0.09
13.11.2023 06:33:30.961 GMT-0800,42.003,41.967,0.12,0.12
13.11.2023 06:33:31.060 GMT-0800,41.993,41.967,0.0009,0.12
13.11.2023 06:33:32.118 GMT-0800,41.983999999999995,41.966,0.0009,0.12
13.11.2023 06:33:32.394 GMT-0800,41.973000000000006,41.957,0.12,0.12
13.11.2023 06:33:33.479 GMT-0800,41.974,41.946000000000005,0.12,0.12
13.11.2023 06:33:33.709 GMT-0800,41.994,41.956,0.12,0.12
13.11.2023 06:33:33.760 GMT-0800,41.983999999999995,41.956,0.12,0.12
13.11.2023 06:33:34.358 GMT-0800,41.983000000000004,41.967,0.12,0.12
13.11.2023 06:33:35.125 GMT-0800,41.994,41.966,0.12,0.12
13.11.2023 06:33:35.230 GMT-0800,41.994,41.956,0.12,0.12
13.11.2023 06:33:35.768 GMT-0800,41.983000000000004,41.957,0.12,0.12
13.11.2023 06:33:35.818 GMT-0800,41.993,41.957,0.12,0.12
13.11.2023 06:33:36.449 GMT-0800,41.994,41.956,0.12,0.1
13.11.2023 06:33:37.273 GMT-0800,41.994,41.956,0.12,0.12
13.11.2023 06:33:40.525 GMT-0800,41.994,41.946000000000005,0.12,0.12
13.11.2023 06:33:40.685 GMT-0800,41.994,41.946000000000005,0.12,0.1
13.11.2023 06:33:40.879 GMT-0800,41.973000000000006,41.957,0.0009,0.09
13.11.2023 06:33:40.930 GMT-0800,41.974,41.946000000000005,0.12,0.12
13.11.2023 06:33:43.580 GMT-0800,41.973000000000006,41.937,0.12,0.12
13.11.2023 06:33:45.309 GMT-0800,41.974,41.93600000000001,0.12,0.1
13.11.2023 06:33:47.587 GMT-0800,41.974,41.946000000000005,0.12,0.1
13.11.2023 06:33:47.919 GMT-0800,41.973000000000006,41.957,0.09,0.1
13.11.2023 06:33:47.969 GMT-0800,41.983000000000004,41.967,0.12,0.12
13.11.2023 06:33:48.656 GMT-0800,41.983000000000004,41.957,0.12,0.12
13.11.2023 06:33:53.418 GMT-0800,41.983999999999995,41.956,0.09,0.1
13.11.2023 06:33:53.468 GMT-0800,41.994,41.976000000000006,0.12,0.12
13.11.2023 06:33:53.605 GMT-0800,41.993,41.967,0.12,0.12
13.11.2023 06:33:53.698 GMT-0800,41.994,41.966,0.12,0.1
13.11.2023 06:33:53.959 GMT-0800,41.994,41.966,0.12,0.12
13.11.2023 06:33:54.497 GMT-0800,41.993,41.967,0.12,0.1
13.11.2023 06:33:54.622 GMT-0800,41.993,41.977,0.09,0.1
13.11.2023 06:33:54.673 GMT-0800,42.003,41.987,0.12,0.12
13.11.2023 06:33:54.871 GMT-0800,42.004,41.976000000000006,0.12,0.12
13.11.2023 06:33:54.940 GMT-0800,42.003,41.977,0.12,0.1
13.11.2023 06:33:56.160 GMT-0800,41.993,41.977,0.12,0.12
13.11.2023 06:33:56.577 GMT-0800,41.994,41.976000000000006,0.09,0.1
13.11.2023 06:33:56.628 GMT-0800,42.003,41.987,0.12,0.12
13.11.2023 06:33:59.129 GMT-0800,42.004,41.976000000000006,0.12,0.12
13.11.2023 06:33:59.223 GMT-0800,42.003,41.977,0.12,0.1
13.11.2023 06:33:59.947 GMT-0800,42.034,41.996,0.12,0.12
13.11.2023 06:34:00.034 GMT-0800,42.033,41.997,0.12,0.1
13.11.2023 06:34:00.085 GMT-0800,42.033,41.997,0.12,0.12
13.11.2023 06:34:00.185 GMT-0800,42.034,41.996,0.09,0.1
13.11.2023 06:34:00.236 GMT-0800,42.044,42.00600000000001,0.12,0.12
13.11.2023 06:34:00.301 GMT-0800,42.023,42.007,0.0009,0.12
13.11.2023 06:34:00.402 GMT-0800,42.023,41.997,0.12,0.12
13.11.2023 06:34:00.478 GMT-0800,42.023,41.997,0.12,0.1
13.11.2023 06:34:00.717 GMT-0800,42.034,42.00600000000001,0.12,0.12
13.11.2023 06:34:01.241 GMT-0800,42.023999999999994,41.996,0.12,0.12
13.11.2023 06:34:01.343 GMT-0800,42.034,42.00600000000001,0.12,0.12
13.11.2023 06:34:02.721 GMT-0800,42.023999999999994,42.00600000000001,0.0009,0.09
13.11.2023 06:34:02.803 GMT-0800,42.023999999999994,41.996,0.12,0.12
13.11.2023 06:34:02.853 GMT-0800,42.023999999999994,41.996,0.12,0.1
13.11.2023 06:34:05.574 GMT-0800,42.013999999999996,42.00600000000001,0.0009,0.09
13.11.2023 06:34:05.675 GMT-0800,42.013000000000005,41.987,0.12,0.12
13.11.2023 06:34:06.087 GMT-0800,42.013000000000005,41.987,0.12,0.1
13.11.2023 06:34:06.188 GMT-0800,42.013000000000005,41.987,0.12,0.12
13.11.2023 06:34:06.369 GMT-0800,42.003,41.987,0.0009,0.09
13.11.2023 06:34:06.420 GMT-0800,42.004,41.976000000000006,0.12,0.12
13.11.2023 06:34:06.480 GMT-0800,42.004,41.976000000000006,0.09,0.1
13.11.2023 06:34:06.531 GMT-0800,42.013000000000005,41.987,0.12,0.12
13.11.2023 06:34:06.632 GMT-0800,42.013000000000005,41.977,0.12,0.12
13.11.2023 06:34:06.708 GMT-0800,42.013999999999996,41.976000000000006,0.12,0.1
13.11.2023 06:34:06.809 GMT-0800,42.004,41.976000000000006,0.12,0.12
13.11.2023 06:34:06.937 GMT-0800,41.993,41.967,0.12,0.12
13.11.2023 06:34:07.401 GMT-0800,41.994,41.956,0.12,0.12
13.11.2023 06:34:07.483 GMT-0800,41.994,41.956,0.12,0.1
13.11.2023 06:34:07.891 GMT-0800,41.974,41.966,0.0009,0.09
13.11.2023 06:34:07.942 GMT-0800,41.983000000000004,41.957,0.12,0.12
13.11.2023 06:34:08.059 GMT-0800,41.993,41.957,0.12,0.12
13.11.2023 06:34:08.110 GMT-0800,41.983999999999995,41.956,0.12,0.12
13.11.2023 06:34:08.312 GMT-0800,41.973000000000006,41.957,0.0009,0.09
13.11.2023 06:34:08.363 GMT-0800,41.974,41.946000000000005,0.12,0.12
13.11.2023 06:34:08.414 GMT-0800,41.983000000000004,41.957,0.12,0.12
13.11.2023 06:34:09.149 GMT-0800,41.983999999999995,41.946000000000005,0.12,0.12
13.11.2023 06:34:11.091 GMT-0800,41.974,41.946000000000005,0.0009,0.12
13.11.2023 06:34:11.192 GMT-0800,41.983000000000004,41.946999999999996,0.12,0.12
13.11.2023 06:34:11.295 GMT-0800,41.983000000000004,41.946999999999996,0.12,0.1
13.11.2023 06:34:12.940 GMT-0800,41.983000000000004,41.957,0.12,0.1
13.11.2023 06:34:12.991 GMT-0800,41.983999999999995,41.956,0.12,0.12
13.11.2023 06:34:13.157 GMT-0800,41.973000000000006,41.946999999999996,0.12,0.12
13.11.2023 06:34:13.289 GMT-0800,41.973000000000006,41.957,0.12,0.12
13.11.2023 06:34:14.020 GMT-0800,41.983999999999995,41.956,0.12,0.12
13.11.2023 06:34:16.053 GMT-0800,41.983000000000004,41.957,0.12,0.1
13.11.2023 06:34:16.448 GMT-0800,41.994,41.976000000000006,0.12,0.12
13.11.2023 06:34:16.549 GMT-0800,41.993,41.967,0.12,0.12
13.11.2023 06:34:16.718 GMT-0800,41.993,41.977,0.12,0.12
13.11.2023 06:34:17.376 GMT-0800,42.013999999999996,41.996,0.12,0.12
13.11.2023 06:34:17.485 GMT-0800,42.013999999999996,41.996,0.09,0.1
13.11.2023 06:34:17.536 GMT-0800,42.023,41.997,0.12,0.12
13.11.2023 06:34:17.638 GMT-0800,42.033,42.007,0.12,0.12
13.11.2023 06:34:17.689 GMT-0800,42.043,41.997,0.12,0.1
13.11.2023 06:34:17.740 GMT-0800,42.023,42.007,0.12,0.12
13.11.2023 06:34:18.374 GMT-0800,42.044,42.00600000000001,0.12,0.12
13.11.2023 06:34:18.545 GMT-0800,42.034,42.00600000000001,0.0009,0.12
13.11.2023 06:34:18.596 GMT-0800,42.044,42.00600000000001,0.12,0.12
13.11.2023 06:34:18.674 GMT-0800,42.023,42.007,0.0009,0.12
13.11.2023 06:34:18.931 GMT-0800,42.053000000000004,42.016999999999996,0.12,0.12
13.11.2023 06:34:18.982 GMT-0800,42.053999999999995,42.00600000000001,0.12,0.12
13.11.2023 06:34:19.462 GMT-0800,42.033,42.007,0.0009,0.12
13.11.2023 06:34:19.854 GMT-0800,42.023999999999994,42.00600000000001,0.0009,0.12
13.11.2023 06:34:20.005 GMT-0800,42.033,42.007,0.12,0.12
13.11.2023 06:34:20.144 GMT-0800,42.034,42.00600000000001,0.12,0.1
13.11.2023 06:34:20.708 GMT-0800,42.033,42.016999999999996,0.09,0.1
13.11.2023 06:34:20.759 GMT-0800,42.044,42.016000000000005,0.12,0.12
13.11.2023 06:34:20.809 GMT-0800,42.034,42.016000000000005,0.12,0.12
13.11.2023 06:34:20.940 GMT-0800,42.034,42.00600000000001,0.12,0.12
13.11.2023 06:34:21.491 GMT-0800,42.064,42.026,0.12,0.12
13.11.2023 06:34:21.749 GMT-0800,42.063,42.016999999999996,0.12,0.12
13.11.2023 06:34:22.024 GMT-0800,42.064,42.016000000000005,0.12,0.1
13.11.2023 06:34:22.152 GMT-0800,42.064,42.026,0.12,0.1
13.11.2023 06:34:22.306 GMT-0800,42.053000000000004,42.027,0.09,0.1
13.11.2023 06:34:22.357 GMT-0800,42.064,42.04600000000001,0.12,0.12
13.11.2023 06:34:22.509 GMT-0800,42.073,42.047,0.12,0.12
13.11.2023 06:34:23.277 GMT-0800,42.053000000000004,42.047,0.0009,0.09
13.11.2023 06:34:23.327 GMT-0800,42.053000000000004,42.027,0.12,0.12
13.11.2023 06:34:23.641 GMT-0800,42.073,42.027,0.12,0.12
13.11.2023 06:34:25.949 GMT-0800,42.073,42.027,0.12,0.1
13.11.2023 06:34:26.100 GMT-0800,42.073,42.037,0.12,0.12
13.11.2023 06:34:26.997 GMT-0800,42.073,42.037,0.12,0.1
13.11.2023 06:34:27.635 GMT-0800,42.063,42.047,0.0009,0.09
13.11.2023 06:34:27.685 GMT-0800,42.063,42.037,0.12,0.12
13.11.2023 06:34:28.438 GMT-0800,42.063,42.027,0.12,0.12
13.11.2023 06:34:28.902 GMT-0800,42.053999999999995,42.026,0.0009,0.12
13.11.2023 06:34:29.003 GMT-0800,42.064,42.026,0.12,0.12
13.11.2023 06:34:30.338 GMT-0800,42.064,42.04600000000001,0.12,0.12
13.11.2023 06:34:33.039 GMT-0800,42.073,42.047,0.12,0.12
13.11.2023 06:34:33.652 GMT-0800,42.073,42.047,0.12,0.1
13.11.2023 06:34:33.969 GMT-0800,42.073,42.047,0.12,0.12
13.11.2023 06:34:34.719 GMT-0800,42.074,42.04600000000001,0.12,0.1
13.11.2023 06:34:35.012 GMT-0800,42.083999999999996,42.056000000000004,0.12,0.12
13.11.2023 06:34:35.204 GMT-0800,42.083000000000006,42.047,0.12,0.12
13.11.2023 06:34:36.427 GMT-0800,42.083000000000006,42.047,0.12,0.1
13.11.2023 06:34:37.913 GMT-0800,42.074,42.056000000000004,0.0009,0.12
13.11.2023 06:34:37.964 GMT-0800,42.074,42.04600000000001,0.12,0.12
13.11.2023 06:34:38.294 GMT-0800,42.063,42.047,0.0009,0.09
13.11.2023 06:34:38.493 GMT-0800,42.063,42.037,0.12,0.12
13.11.2023 06:34:39.826 GMT-0800,42.073,42.037,0.12,0.12
13.11.2023 06:34:41.522 GMT-0800,42.063,42.037,0.0009,0.09
13.11.2023 06:34:41.623 GMT-0800,42.053000000000004,42.037,0.12,0.12
13.11.2023 06:34:41.724 GMT-0800,42.053000000000004,42.027,0.12,0.12
13.11.2023 06:34:42.964 GMT-0800,42.053999999999995,42.026,0.12,0.1
13.11.2023 06:34:43.933 GMT-0800,42.053999999999995,42.026,0.12,0.12
13.11.2023 06:34:48.405 GMT-0800,42.074,42.04600000000001,0.12,0.12
13.11.2023 06:34:48.572 GMT-0800,42.074,42.036,0.12,0.12
13.11.2023 06:34:49.282 GMT-0800,42.073,42.037,0.12,0.1
13.11.2023 06:34:49.632 GMT-0800,42.074,42.036,0.12,0.12
13.11.2023 06:34:49.683 GMT-0800,42.074,42.04600000000001,0.12,0.12
13.11.2023 06:34:49.978 GMT-0800,42.073,42.047,0.12,0.1
13.11.2023 06:34:50.079 GMT-0800,42.063,42.047,0.12,0.12
13.11.2023 06:34:54.415 GMT-0800,42.064,42.04600000000001,0.09,0.1
13.11.2023 06:34:54.466 GMT-0800,42.074,42.056000000000004,0.12,0.12
13.11.2023 06:34:57.711 GMT-0800,42.074,42.056000000000004,0.09,0.1
13.11.2023 06:34:57.762 GMT-0800,42.083999999999996,42.066,0.12,0.12
13.11.2023 06:34:58.770 GMT-0800,42.083000000000006,42.067,0.09,0.1
13.11.2023 06:34:58.821 GMT-0800,42.093,42.077,0.12,0.12
13.11.2023 06:34:59.630 GMT-0800,42.083000000000006,42.067,0.12,0.12
13.11.2023 06:35:01.000 GMT-0800,42.073,42.067,0.0009,0.09
13.11.2023 06:35:01.101 GMT-0800,42.074,42.056000000000004,0.12,0.12
13.11.2023 06:35:01.416 GMT-0800,42.063,42.057,0.0009,0.09
13.11.2023 06:35:01.467 GMT-0800,42.064,42.04600000000001,0.12,0.12
13.11.2023 06:35:02.656 GMT-0800,42.053999999999995,42.026,0.12,0.12
13.11.2023 06:35:02.707 GMT-0800,42.044,42.026,0.0009,0.12
13.11.2023 06:35:03.795 GMT-0800,42.044,42.026,0.09,0.1
13.11.2023 06:35:03.846 GMT-0800,42.053000000000004,42.037,0.12,0.12
13.11.2023 06:35:04.458 GMT-0800,42.053999999999995,42.026,0.12,0.12
13.11.2023 06:35:04.594 GMT-0800,42.053999999999995,42.026,0.09,0.1
13.11.2023 06:35:04.645 GMT-0800,42.053999999999995,42.026,0.09,0.12
13.11.2023 06:35:04.696 GMT-0800,42.074,42.04600000000001,0.12,0.12
13.11.2023 06:35:04.797 GMT-0800,42.073,42.057,0.12,0.12
13.11.2023 06:35:04.898 GMT-0800,42.083999999999996,42.066,0.12,0.12
13.11.2023 06:35:05.128 GMT-0800,42.093999999999994,42.066,0.12,0.12
13.11.2023 06:35:05.799 GMT-0800,42.114,42.066,0.12,0.12
13.11.2023 06:35:06.389 GMT-0800,42.083000000000006,42.067,0.0009,0.09
13.11.2023 06:35:06.440 GMT-0800,42.083999999999996,42.056000000000004,0.12,0.09
13.11.2023 06:35:06.491 GMT-0800,42.083999999999996,42.04600000000001,0.12,0.12
13.11.2023 06:35:06.621 GMT-0800,42.074,42.04600000000001,0.12,0.12
13.11.2023 06:35:06.672 GMT-0800,42.074,42.036,0.12,0.12
13.11.2023 06:35:06.771 GMT-0800,42.073,42.037,0.12,0.1
13.11.2023 06:35:07.249 GMT-0800,42.074,42.036,0.12,0.12
13.11.2023 06:35:07.953 GMT-0800,42.063,42.037,0.0009,0.1
13.11.2023 06:35:08.550 GMT-0800,42.063,42.037,0.12,0.12
13.11.2023 06:35:09.115 GMT-0800,42.064,42.026,0.12,0.12
13.11.2023 06:35:11.676 GMT-0800,42.053000000000004,42.027,0.0009,0.1
13.11.2023 06:35:11.727 GMT-0800,42.063,42.027,0.12,0.1
13.11.2023 06:35:12.244 GMT-0800,42.064,42.036,0.12,0.1
13.11.2023 06:35:12.346 GMT-0800,42.063,42.037,0.12,0.12
13.11.2023 06:35:12.751 GMT-0800,42.063,42.027,0.12,0.12
13.11.2023 06:35:13.973 GMT-0800,42.064,42.026,0.09,0.1
13.11.2023 06:35:14.023 GMT-0800,42.074,42.056000000000004,0.12,0.12
13.11.2023 06:35:14.743 GMT-0800,42.093999999999994,42.07600000000001,0.12,0.12
13.11.2023 06:35:14.856 GMT-0800,42.093,42.067,0.12,0.12
13.11.2023 06:35:16.135 GMT-0800,42.143,42.086999999999996,0.12,0.12
13.11.2023 06:35:16.296 GMT-0800,42.143,42.077,0.12,0.12
13.11.2023 06:35:16.538 GMT-0800,42.113,42.077,0.0009,0.1
13.11.2023 06:35:16.694 GMT-0800,42.114,42.086000000000006,0.12,0.12
13.11.2023 06:35:17.947 GMT-0800,42.153999999999996,42.096000000000004,0.12,0.12
13.11.2023 06:35:18.070 GMT-0800,42.123999999999995,42.096000000000004,0.0009,0.12
13.11.2023 06:35:18.623 GMT-0800,42.123000000000005,42.097,0.12,0.1
13.11.2023 06:35:19.066 GMT-0800,42.123000000000005,42.107,0.09,0.1
13.11.2023 06:35:19.117 GMT-0800,42.143,42.107,0.12,0.12
13.11.2023 06:35:19.254 GMT-0800,42.144,42.106,0.12,0.1
13.11.2023 06:35:19.537 GMT-0800,42.144,42.106,0.12,0.12
13.11.2023 06:35:19.592 GMT-0800,42.134,42.11600000000001,0.12,0.12
13.11.2023 06:35:20.931 GMT-0800,42.143,42.127,0.12,0.12
13.11.2023 06:35:20.981 GMT-0800,42.144,42.106,0.12,0.12
13.11.2023 06:35:21.032 GMT-0800,42.144,42.106,0.12,0.1
13.11.2023 06:35:21.715 GMT-0800,42.144,42.11600000000001,0.09,0.1
13.11.2023 06:35:21.766 GMT-0800,42.163000000000004,42.117,0.12,0.12
13.11.2023 06:35:21.854 GMT-0800,42.153999999999996,42.11600000000001,0.0009,0.12
13.11.2023 06:35:22.155 GMT-0800,42.153999999999996,42.11600000000001,0.12,0.1
13.11.2023 06:35:22.320 GMT-0800,42.143,42.127,0.0009,0.12
13.11.2023 06:35:22.574 GMT-0800,42.144,42.11600000000001,0.12,0.12
13.11.2023 06:35:23.770 GMT-0800,42.133,42.117,0.0009,0.09
13.11.2023 06:35:24.224 GMT-0800,42.133,42.107,0.12,0.12
13.11.2023 06:35:25.181 GMT-0800,42.123000000000005,42.107,0.0009,0.12
13.11.2023 06:35:26.989 GMT-0800,42.114,42.106,0.0009,0.09
13.11.2023 06:35:27.091 GMT-0800,42.114,42.086000000000006,0.12,0.12
13.11.2023 06:35:27.193 GMT-0800,42.114,42.07600000000001,0.12,0.12
13.11.2023 06:35:27.529 GMT-0800,42.123999999999995,42.066,0.12,0.12
13.11.2023 06:35:27.815 GMT-0800,42.123999999999995,42.066,0.12,0.1
13.11.2023 06:35:27.972 GMT-0800,42.104,42.07600000000001,0.0009,0.12
13.11.2023 06:35:28.074 GMT-0800,42.114,42.07600000000001,0.12,0.12
13.11.2023 06:35:29.021 GMT-0800,42.104,42.066,0.12,0.12
13.11.2023 06:35:29.268 GMT-0800,42.103,42.067,0.12,0.1
13.11.2023 06:35:29.319 GMT-0800,42.103,42.067,0.12,0.12
13.11.2023 06:35:29.414 GMT-0800,42.104,42.066,0.12,0.1
13.11.2023 06:35:37.478 GMT-0800,42.083999999999996,42.056000000000004,0.12,0.12
13.11.2023 06:35:37.767 GMT-0800,42.083000000000006,42.047,0.12,0.12
13.11.2023 06:35:39.973 GMT-0800,42.083999999999996,42.04600000000001,0.12,0.1
13.11.2023 06:35:40.024 GMT-0800,42.083999999999996,42.04600000000001,0.12,0.1
13.11.2023 06:35:41.388 GMT-0800,42.083999999999996,42.066,0.12,0.12
13.11.2023 06:35:41.946 GMT-0800,42.083999999999996,42.066,0.09,0.1
13.11.2023 06:35:42.048 GMT-0800,42.103,42.077,0.12,0.12
13.11.2023 06:35:42.241 GMT-0800,42.103,42.057,0.12,0.12
13.11.2023 06:35:42.495 GMT-0800,42.104,42.056000000000004,0.12,0.1
13.11.2023 06:35:43.231 GMT-0800,42.103,42.057,0.12,0.12
13.11.2023 06:35:43.283 GMT-0800,42.104,42.056000000000004,0.12,0.1
13.11.2023 06:35:44.582 GMT-0800,42.104,42.056000000000004,0.12,0.12
13.11.2023 06:35:44.845 GMT-0800,42.073,42.057,0.0009,0.09
13.11.2023 06:35:44.908 GMT-0800,42.073,42.047,0.12,0.12
13.11.2023 06:35:45.150 GMT-0800,42.074,42.036,0.12,0.12
13.11.2023 06:35:45.342 GMT-0800,42.074,42.036,0.12,0.1
13.11.2023 06:35:45.494 GMT-0800,42.074,42.036,0.12,0.12
13.11.2023 06:35:45.693 GMT-0800,42.074,42.036,0.12,0.1
13.11.2023 06:35:45.794 GMT-0800,42.074,42.036,0.12,0.12
13.11.2023 06:35:47.627 GMT-0800,42.074,42.026,0.12,0.12
13.11.2023 06:35:47.683 GMT-0800,42.073,42.027,0.12,0.1
13.11.2023 06:35:47.734 GMT-0800,42.073,42.027,0.12,0.12
13.11.2023 06:35:48.492 GMT-0800,42.073,42.047,0.12,0.12
13.11.2023 06:35:49.210 GMT-0800,42.074,42.036,0.12,0.12
13.11.2023 06:35:49.446 GMT-0800,42.074,42.026,0.12,0.12
13.11.2023 06:35:49.984 GMT-0800,42.074,42.026,0.12,0.1
13.11.2023 06:35:52.952 GMT-0800,42.063,42.047,0.0009,0.12
13.11.2023 06:35:53.053 GMT-0800,42.064,42.036,0.12,0.12
13.11.2023 06:35:53.246 GMT-0800,42.063,42.027,0.12,0.12
13.11.2023 06:35:56.015 GMT-0800,42.063,42.027,0.09,0.1
13.11.2023 06:35:56.116 GMT-0800,42.073,42.057,0.12,0.12
13.11.2023 06:35:56.290 GMT-0800,42.074,42.04600000000001,0.12,0.12
13.11.2023 06:35:56.529 GMT-0800,42.074,42.036,0.12,0.12
13.11.2023 06:35:57.418 GMT-0800,42.073,42.037,0.12,0.1
13.11.2023 06:35:58.959 GMT-0800,42.073,42.037,0.12,0.12
13.11.2023 06:35:59.770 GMT-0800,42.074,42.036,0.12,0.1
13.11.2023 06:36:00.264 GMT-0800,42.074,42.036,0.12,0.12
13.11.2023 06:36:00.315 GMT-0800,42.074,42.036,0.12,0.1
13.11.2023 06:36:00.365 GMT-0800,42.073,42.037,0.12,0.1
13.11.2023 06:36:00.418 GMT-0800,42.074,42.036,0.12,0.1
13.11.2023 06:36:01.392 GMT-0800,42.073,42.057,0.09,0.1
13.11.2023 06:36:01.559 GMT-0800,42.083000000000006,42.067,0.12,0.12
13.11.2023 06:36:01.610 GMT-0800,42.083999999999996,42.066,0.09,0.1
13.11.2023 06:36:01.660 GMT-0800,42.093,42.077,0.12,0.12
13.11.2023 06:36:01.812 GMT-0800,42.093999999999994,42.066,0.12,0.12
13.11.2023 06:36:01.863 GMT-0800,42.093999999999994,42.066,0.12,0.1
13.11.2023 06:36:01.913 GMT-0800,42.093999999999994,42.066,0.12,0.12
13.11.2023 06:36:02.193 GMT-0800,42.093999999999994,42.066,0.12,0.1
13.11.2023 06:36:02.344 GMT-0800,42.093,42.067,0.12,0.12
13.11.2023 06:36:02.883 GMT-0800,42.083999999999996,42.066,0.0009,0.12
13.11.2023 06:36:02.987 GMT-0800,42.083999999999996,42.056000000000004,0.12,0.12
13.11.2023 06:36:03.039 GMT-0800,42.083999999999996,42.066,0.12,0.12
13.11.2023 06:36:03.090 GMT-0800,42.083000000000006,42.057,0.12,0.12
13.11.2023 06:36:03.194 GMT-0800,42.083999999999996,42.056000000000004,0.12,0.1
13.11.2023 06:36:03.439 GMT-0800,42.083999999999996,42.056000000000004,0.12,0.12
13.11.2023 06:36:03.554 GMT-0800,42.083999999999996,42.056000000000004,0.12,0.1
13.11.2023 06:36:03.655 GMT-0800,42.083000000000006,42.057,0.12,0.12
13.11.2023 06:36:04.515 GMT-0800,42.074,42.056000000000004,0.0009,0.09
13.11.2023 06:36:04.566 GMT-0800,42.073,42.037,0.12,0.12
13.11.2023 06:36:05.328 GMT-0800,42.073,42.037,0.12,0.1
13.11.2023 06:36:05.446 GMT-0800,42.073,42.047,0.09,0.1
13.11.2023 06:36:05.496 GMT-0800,42.083999999999996,42.056000000000004,0.12,0.12
13.11.2023 06:36:05.923 GMT-0800,42.074,42.056000000000004,0.0009,0.09
13.11.2023 06:36:06.024 GMT-0800,42.073,42.037,0.12,0.12
13.11.2023 06:36:06.074 GMT-0800,42.073,42.047,0.12,0.12
13.11.2023 06:36:06.328 GMT-0800,42.074,42.036,0.12,0.12
13.11.2023 06:36:06.725 GMT-0800,42.073,42.037,0.12,0.1
13.11.2023 06:36:08.787 GMT-0800,42.064,42.04600000000001,0.0009,0.09
13.11.2023 06:36:09.040 GMT-0800,42.064,42.026,0.12,0.12
13.11.2023 06:36:09.303 GMT-0800,42.064,42.026,0.12,0.1
13.11.2023 06:36:09.353 GMT-0800,42.063,42.027,0.12,0.12
13.11.2023 06:36:09.701 GMT-0800,42.053000000000004,42.027,0.0009,0.12
13.11.2023 06:36:09.854 GMT-0800,42.053999999999995,42.016000000000005,0.12,0.12
13.11.2023 06:36:10.131 GMT-0800,42.053000000000004,42.016999999999996,0.12,0.1
13.11.2023 06:36:10.299 GMT-0800,42.053000000000004,42.027,0.12,0.12
13.11.2023 06:36:11.667 GMT-0800,42.053999999999995,42.026,0.12,0.1
13.11.2023 06:36:12.543 GMT-0800,42.053000000000004,42.027,0.12,0.12
13.11.2023 06:36:13.096 GMT-0800,42.053999999999995,42.026,0.12,0.1
13.11.2023 06:36:13.263 GMT-0800,42.074,42.04600000000001,0.12,0.12
13.11.2023 06:36:13.479 GMT-0800,42.073,42.047,0.12,0.1
13.11.2023 06:36:14.283 GMT-0800,42.074,42.04600000000001,0.12,0.12
13.11.2023 06:36:14.384 GMT-0800,42.074,42.056000000000004,0.12,0.12
13.11.2023 06:36:15.135 GMT-0800,42.074,42.04600000000001,0.12,0.12
13.11.2023 06:36:15.730 GMT-0800,42.073,42.047,0.12,0.1
13.11.2023 06:36:16.080 GMT-0800,42.073,42.057,0.09,0.1
13.11.2023 06:36:16.131 GMT-0800,42.083000000000006,42.067,0.12,0.12
13.11.2023 06:36:16.182 GMT-0800,42.083999999999996,42.056000000000004,0.12,0.12
13.11.2023 06:36:16.233 GMT-0800,42.074,42.056000000000004,0.12,0.12
13.11.2023 06:36:16.334 GMT-0800,42.083999999999996,42.056000000000004,0.12,0.12
13.11.2023 06:36:16.385 GMT-0800,42.074,42.056000000000004,0.0009,0.09
13.11.2023 06:36:16.695 GMT-0800,42.083000000000006,42.057,0.12,0.12
13.11.2023 06:36:16.854 GMT-0800,42.083000000000006,42.057,0.12,0.1
13.11.2023 06:36:18.120 GMT-0800,42.083999999999996,42.066,0.09,0.1
13.11.2023 06:36:18.171 GMT-0800,42.093999999999994,42.07600000000001,0.12,0.12
13.11.2023 06:36:18.525 GMT-0800,42.093999999999994,42.066,0.12,0.12
13.11.2023 06:36:18.979 GMT-0800,42.093,42.067,0.12,0.1
13.11.2023 06:36:19.155 GMT-0800,42.093999999999994,42.066,0.12,0.12
13.11.2023 06:36:19.257 GMT-0800,42.083000000000006,42.067,0.0009,0.12
13.11.2023 06:36:19.571 GMT-0800,42.083000000000006,42.057,0.12,0.12
13.11.2023 06:36:19.770 GMT-0800,42.093,42.067,0.12,0.12
13.11.2023 06:36:20.739 GMT-0800,42.093,42.067,0.12,0.1
13.11.2023 06:36:21.372 GMT-0800,42.093999999999994,42.066,0.12,0.12
13.11.2023 06:36:22.363 GMT-0800,42.093,42.067,0.12,0.1
13.11.2023 06:36:22.646 GMT-0800,42.093,42.067,0.12,0.12
13.11.2023 06:36:22.948 GMT-0800,42.093999999999994,42.066,0.12,0.1
13.11.2023 06:36:25.001 GMT-0800,42.093999999999994,42.066,0.12,0.12
13.11.2023 06:36:25.308 GMT-0800,42.083000000000006,42.067,0.12,0.12
13.11.2023 06:36:26.550 GMT-0800,42.083000000000006,42.067,0.09,0.1
13.11.2023 06:36:26.601 GMT-0800,42.093999999999994,42.07600000000001,0.12,0.12
13.11.2023 06:36:29.059 GMT-0800,42.093999999999994,42.066,0.12,0.12
13.11.2023 06:36:29.197 GMT-0800,42.083999999999996,42.066,0.0009,0.12
13.11.2023 06:36:30.707 GMT-0800,42.083999999999996,42.066,0.09,0.1
13.11.2023 06:36:30.758 GMT-0800,42.093999999999994,42.07600000000001,0.12,0.12
13.11.2023 06:36:30.875 GMT-0800,42.093,42.067,0.12,0.12
13.11.2023 06:36:31.079 GMT-0800,42.093,42.077,0.12,0.12
13.11.2023 06:36:31.623 GMT-0800,42.093,42.067,0.12,0.12
13.11.2023 06:36:32.096 GMT-0800,42.083000000000006,42.067,0.0009,0.12
13.11.2023 06:36:32.827 GMT-0800,42.104,42.07600000000001,0.12,0.12
13.11.2023 06:36:32.966 GMT-0800,42.114,42.07600000000001,0.12,0.12
13.11.2023 06:36:33.017 GMT-0800,42.093,42.067,0.12,0.12
13.11.2023 06:36:33.455 GMT-0800,42.093,42.067,0.09,0.1
13.11.2023 06:36:33.506 GMT-0800,42.114,42.07600000000001,0.12,0.12
13.11.2023 06:36:33.716 GMT-0800,42.085,42.07600000000001,0.0009,0.09
13.11.2023 06:36:33.767 GMT-0800,42.083999999999996,42.066,0.12,0.12
13.11.2023 06:36:34.050 GMT-0800,42.093999999999994,42.066,0.12,0.12
13.11.2023 06:36:35.468 GMT-0800,42.083999999999996,42.066,0.0009,0.12
13.11.2023 06:36:40.002 GMT-0800,42.085,42.066,0.09,0.1
13.11.2023 06:36:40.103 GMT-0800,42.114,42.07600000000001,0.12,0.12
13.11.2023 06:36:40.549 GMT-0800,42.093999999999994,42.07600000000001,0.0009,0.12
13.11.2023 06:36:43.650 GMT-0800,42.093999999999994,42.066,0.12,0.12
13.11.2023 06:36:44.207 GMT-0800,42.083000000000006,42.067,0.12,0.12
13.11.2023 06:36:45.425 GMT-0800,42.053999999999995,42.026,0.12,0.12
13.11.2023 06:36:47.304 GMT-0800,42.044,42.026,0.0009,0.12
13.11.2023 06:36:47.735 GMT-0800,42.043,42.027,0.09,0.1
13.11.2023 06:36:47.785 GMT-0800,42.053000000000004,42.037,0.12,0.12
13.11.2023 06:36:47.836 GMT-0800,42.053999999999995,42.026,0.12,0.12
13.11.2023 06:36:48.267 GMT-0800,42.053000000000004,42.027,0.12,0.1
13.11.2023 06:36:48.655 GMT-0800,42.053999999999995,42.026,0.12,0.12
13.11.2023 06:36:48.970 GMT-0800,42.053000000000004,42.027,0.12,0.1
13.11.2023 06:36:49.542 GMT-0800,42.053000000000004,42.027,0.12,0.12
13.11.2023 06:36:50.510 GMT-0800,42.053000000000004,42.037,0.12,0.12
13.11.2023 06:36:52.716 GMT-0800,42.053000000000004,42.037,0.09,0.1
13.11.2023 06:36:52.767 GMT-0800,42.074,42.04600000000001,0.12,0.12
13.11.2023 06:36:53.660 GMT-0800,42.063,42.047,0.0009,0.12
13.11.2023 06:36:55.394 GMT-0800,42.073,42.057,0.12,0.12
13.11.2023 06:37:00.700 GMT-0800,42.063,42.047,0.12,0.12
13.11.2023 06:37:01.657 GMT-0800,42.063,42.047,0.09,0.1
13.11.2023 06:37:01.707 GMT-0800,42.074,42.056000000000004,0.12,0.12
13.11.2023 06:37:04.454 GMT-0800,42.073,42.047,0.12,0.12
13.11.2023 06:37:05.079 GMT-0800,42.063,42.047,0.0009,0.12
13.11.2023 06:37:05.181 GMT-0800,42.073,42.047,0.12,0.12
13.11.2023 06:37:06.515 GMT-0800,42.063,42.047,0.0009,0.12
13.11.2023 06:37:06.746 GMT-0800,42.073,42.047,0.12,0.12
13.11.2023 06:37:07.104 GMT-0800,42.063,42.047,0.0009,0.12
13.11.2023 06:37:07.256 GMT-0800,42.073,42.047,0.12,0.12
13.11.2023 06:37:08.055 GMT-0800,42.074,42.04600000000001,0.12,0.1
13.11.2023 06:37:08.680 GMT-0800,42.074,42.04600000000001,0.12,0.12
13.11.2023 06:37:09.878 GMT-0800,42.073,42.047,0.12,0.1
13.11.2023 06:37:10.194 GMT-0800,42.074,42.04600000000001,0.12,0.12
13.11.2023 06:37:11.426 GMT-0800,42.074,42.04600000000001,0.12,0.1
13.11.2023 06:37:11.600 GMT-0800,42.074,42.04600000000001,0.12,0.12
13.11.2023 06:37:11.793 GMT-0800,42.074,42.056000000000004,0.12,0.12
13.11.2023 06:37:12.318 GMT-0800,42.073,42.057,0.09,0.1
13.11.2023 06:37:12.418 GMT-0800,42.083000000000006,42.067,0.12,0.12
13.11.2023 06:37:14.601 GMT-0800,42.074,42.056000000000004,0.12,0.12
13.11.2023 06:37:14.723 GMT-0800,42.073,42.047,0.12,0.12
13.11.2023 06:37:15.720 GMT-0800,42.064,42.04600000000001,0.0009,0.09
13.11.2023 06:37:15.882 GMT-0800,42.064,42.036,0.12,0.12
13.11.2023 06:37:16.865 GMT-0800,42.064,42.036,0.12,0.1
13.11.2023 06:37:17.091 GMT-0800,42.063,42.037,0.12,0.12
13.11.2023 06:37:17.993 GMT-0800,42.063,42.037,0.12,0.1
13.11.2023 06:37:19.242 GMT-0800,42.063,42.037,0.12,0.12
13.11.2023 06:37:20.465 GMT-0800,42.053999999999995,42.036,0.12,0.12
13.11.2023 06:37:20.698 GMT-0800,42.053000000000004,42.027,0.12,0.12
13.11.2023 06:37:21.406 GMT-0800,42.053000000000004,42.027,0.12,0.1
13.11.2023 06:37:21.608 GMT-0800,42.053000000000004,42.027,0.12,0.12
13.11.2023 06:37:21.782 GMT-0800,42.053999999999995,42.026,0.12,0.1
13.11.2023 06:37:21.944 GMT-0800,42.043,42.027,0.12,0.12
13.11.2023 06:37:25.552 GMT-0800,42.033,42.027,0.0009,0.09
13.11.2023 06:37:25.603 GMT-0800,42.023,42.007,0.12,0.12
13.11.2023 06:37:27.004 GMT-0800,42.023999999999994,41.996,0.12,0.12
13.11.2023 06:37:27.055 GMT-0800,42.023999999999994,41.996,0.12,0.1
13.11.2023 06:37:27.642 GMT-0800,42.023999999999994,41.996,0.12,0.12
13.11.2023 06:37:28.343 GMT-0800,42.023999999999994,41.996,0.12,0.1
13.11.2023 06:37:29.445 GMT-0800,42.023999999999994,41.996,0.12,0.12
13.11.2023 06:37:29.859 GMT-0800,42.023,41.997,0.12,0.1
13.11.2023 06:37:30.031 GMT-0800,42.023,41.997,0.12,0.12
13.11.2023 06:37:30.082 GMT-0800,42.023999999999994,41.996,0.12,0.1
13.11.2023 06:37:30.357 GMT-0800,42.023,41.997,0.12,0.12
13.11.2023 06:37:30.970 GMT-0800,42.023999999999994,41.996,0.12,0.1
13.11.2023 06:37:31.518 GMT-0800,42.034,42.016000000000005,0.12,0.12
13.11.2023 06:37:31.719 GMT-0800,42.034,42.00600000000001,0.12,0.12
13.11.2023 06:37:32.012 GMT-0800,42.023,42.007,0.0009,0.12
13.11.2023 06:37:32.063 GMT-0800,42.034,42.00600000000001,0.12,0.12
13.11.2023 06:37:32.230 GMT-0800,42.034,42.00600000000001,0.12,0.1
13.11.2023 06:37:32.281 GMT-0800,42.033,42.007,0.12,0.12
13.11.2023 06:37:32.434 GMT-0800,42.023999999999994,42.00600000000001,0.12,0.12
13.11.2023 06:37:32.865 GMT-0800,42.033,42.007,0.12,0.12
13.11.2023 06:37:33.059 GMT-0800,42.023999999999994,42.00600000000001,0.0009,0.12
13.11.2023 06:37:33.227 GMT-0800,42.023999999999994,41.996,0.12,0.12
13.11.2023 06:37:33.373 GMT-0800,42.023,41.997,0.12,0.1
13.11.2023 06:37:33.757 GMT-0800,42.034,42.00600000000001,0.12,0.12
13.11.2023 06:37:34.316 GMT-0800,42.023999999999994,42.00600000000001,0.0009,0.09
13.11.2023 06:37:34.625 GMT-0800,42.023,41.997,0.12,0.12
13.11.2023 06:37:35.195 GMT-0800,42.023999999999994,41.996,0.09,0.1
13.11.2023 06:37:35.246 GMT-0800,42.034,42.016000000000005,0.12,0.12
13.11.2023 06:37:37.640 GMT-0800,42.033,42.016999999999996,0.09,0.1
13.11.2023 06:37:37.691 GMT-0800,42.043,42.027,0.12,0.12
13.11.2023 06:37:37.872 GMT-0800,42.044,42.026,0.09,0.1
13.11.2023 06:37:37.923 GMT-0800,42.053999999999995,42.036,0.12,0.12
13.11.2023 06:37:38.394 GMT-0800,42.063,42.047,0.12,0.12
13.11.2023 06:37:38.589 GMT-0800,42.063,42.037,0.12,0.12
13.11.2023 06:37:39.296 GMT-0800,42.064,42.036,0.12,0.1
13.11.2023 06:37:39.458 GMT-0800,42.063,42.037,0.12,0.12
13.11.2023 06:37:39.509 GMT-0800,42.064,42.04600000000001,0.12,0.12
13.11.2023 06:37:39.622 GMT-0800,42.064,42.036,0.12,0.12
13.11.2023 06:37:40.425 GMT-0800,42.063,42.037,0.12,0.1
13.11.2023 06:37:40.776 GMT-0800,42.063,42.037,0.12,0.12
13.11.2023 06:37:41.500 GMT-0800,42.063,42.037,0.12,0.1
13.11.2023 06:37:41.601 GMT-0800,42.063,42.037,0.12,0.12
13.11.2023 06:37:42.939 GMT-0800,42.064,42.036,0.12,0.1
13.11.2023 06:37:43.887 GMT-0800,42.063,42.037,0.12,0.12
13.11.2023 06:37:44.474 GMT-0800,42.053000000000004,42.037,0.0009,0.12
13.11.2023 06:37:44.525 GMT-0800,42.053000000000004,42.027,0.12,0.12
13.11.2023 06:37:44.632 GMT-0800,42.053999999999995,42.026,0.12,0.1
13.11.2023 06:37:44.889 GMT-0800,42.053000000000004,42.027,0.12,0.12
13.11.2023 06:37:44.940 GMT-0800,42.053000000000004,42.037,0.12,0.12
13.11.2023 06:37:45.215 GMT-0800,42.053999999999995,42.026,0.12,0.12
13.11.2023 06:37:45.500 GMT-0800,42.053999999999995,42.026,0.12,0.1
13.11.2023 06:37:46.184 GMT-0800,42.063,42.047,0.12,0.12
13.11.2023 06:37:48.502 GMT-0800,42.063,42.047,0.09,0.1
13.11.2023 06:37:48.553 GMT-0800,42.083000000000006,42.057,0.12,0.12
13.11.2023 06:37:48.605 GMT-0800,42.074,42.056000000000004,0.0009,0.12
13.11.2023 06:37:50.219 GMT-0800,42.074,42.056000000000004,0.09,0.1
13.11.2023 06:37:50.320 GMT-0800,42.093,42.067,0.12,0.12
13.11.2023 06:37:50.492 GMT-0800,42.083000000000006,42.067,0.0009,0.12
13.11.2023 06:37:50.543 GMT-0800,42.083999999999996,42.056000000000004,0.12,0.12
13.11.2023 06:37:50.789 GMT-0800,42.073,42.057,0.0009,0.12
13.11.2023 06:37:50.840 GMT-0800,42.073,42.047,0.12,0.12
13.11.2023 06:37:50.890 GMT-0800,42.073,42.047,0.12,0.1
13.11.2023 06:37:50.992 GMT-0800,42.074,42.04600000000001,0.12,0.12
13.11.2023 06:37:52.365 GMT-0800,42.073,42.047,0.12,0.1
13.11.2023 06:37:52.466 GMT-0800,42.074,42.04600000000001,0.12,0.12
13.11.2023 06:37:53.369 GMT-0800,42.073,42.047,0.12,0.1
13.11.2023 06:37:53.809 GMT-0800,42.074,42.04600000000001,0.12,0.12
13.11.2023 06:37:54.206 GMT-0800,42.063,42.047,0.0009,0.12
13.11.2023 06:37:54.257 GMT-0800,42.074,42.04600000000001,0.12,0.12
13.11.2023 06:37:54.495 GMT-0800,42.064,42.04600000000001,0.12,0.12
13.11.2023 06:37:54.545 GMT-0800,42.074,42.04600000000001,0.12,0.12
13.11.2023 06:37:55.144 GMT-0800,42.064,42.04600000000001,0.12,0.12
13.11.2023 06:37:55.566 GMT-0800,42.073,42.047,0.12,0.12
13.11.2023 06:37:55.617 GMT-0800,42.073,42.047,0.12,0.1
13.11.2023 06:37:57.642 GMT-0800,42.083000000000006,42.057,0.12,0.1
13.11.2023 06:37:57.693 GMT-0800,42.093999999999994,42.066,0.12,0.12
13.11.2023 06:37:57.997 GMT-0800,42.104,42.066,0.12,0.12
13.11.2023 06:37:58.480 GMT-0800,42.083999999999996,42.066,0.0009,0.09
13.11.2023 06:37:58.530 GMT-0800,42.083999999999996,42.056000000000004,0.12,0.12
13.11.2023 06:37:58.714 GMT-0800,42.073,42.057,0.12,0.12
13.11.2023 06:38:03.851 GMT-0800,42.074,42.056000000000004,0.09,0.1
13.11.2023 06:38:03.952 GMT-0800,42.083000000000006,42.067,0.0009,0.12
13.11.2023 06:38:04.797 GMT-0800,42.104,42.066,0.12,0.12
13.11.2023 06:38:05.164 GMT-0800,42.103,42.067,0.12,0.1
13.11.2023 06:38:05.266 GMT-0800,42.093,42.067,0.0009,0.12
13.11.2023 06:38:06.026 GMT-0800,42.083000000000006,42.067,0.0009,0.12
13.11.2023 06:38:06.127 GMT-0800,42.093999999999994,42.066,0.12,0.12
13.11.2023 06:38:06.691 GMT-0800,42.083000000000006,42.067,0.12,0.12
13.11.2023 06:38:07.757 GMT-0800,42.093999999999994,42.066,0.12,0.12
13.11.2023 06:38:08.009 GMT-0800,42.093,42.067,0.12,0.1
13.11.2023 06:38:08.393 GMT-0800,42.093,42.067,0.12,0.12
13.11.2023 06:38:09.880 GMT-0800,42.093,42.067,0.12,0.1
13.11.2023 06:38:09.931 GMT-0800,42.093,42.067,0.12,0.12
13.11.2023 06:38:11.069 GMT-0800,42.083000000000006,42.067,0.0009,0.12
13.11.2023 06:38:11.414 GMT-0800,42.083000000000006,42.067,0.09,0.1
13.11.2023 06:38:11.465 GMT-0800,42.093999999999994,42.07600000000001,0.12,0.12
13.11.2023 06:38:13.362 GMT-0800,42.093999999999994,42.07600000000001,0.09,0.1
13.11.2023 06:38:13.497 GMT-0800,42.113,42.086999999999996,0.12,0.12
13.11.2023 06:38:13.845 GMT-0800,42.104,42.086000000000006,0.0009,0.12
13.11.2023 06:38:15.080 GMT-0800,42.123000000000005,42.086999999999996,0.12,0.12
13.11.2023 06:38:15.407 GMT-0800,42.103,42.086999999999996,0.0009,0.12
13.11.2023 06:38:16.065 GMT-0800,42.114,42.086000000000006,0.12,0.12
13.11.2023 06:38:16.394 GMT-0800,42.103,42.086999999999996,0.12,0.12
13.11.2023 06:38:16.580 GMT-0800,42.093999999999994,42.086000000000006,0.0009,0.09
13.11.2023 06:38:16.631 GMT-0800,42.093999999999994,42.07600000000001,0.12,0.12
13.11.2023 06:38:17.464 GMT-0800,42.103,42.077,0.12,0.12
13.11.2023 06:38:19.934 GMT-0800,42.093,42.077,0.0009,0.12
13.11.2023 06:38:19.985 GMT-0800,42.104,42.07600000000001,0.12,0.12
13.11.2023 06:38:21.793 GMT-0800,42.103,42.077,0.12,0.1
13.11.2023 06:38:24.486 GMT-0800,42.093,42.086999999999996,0.0009,0.09
13.11.2023 06:38:24.572 GMT-0800,42.093,42.077,0.12,0.12
13.11.2023 06:38:26.973 GMT-0800,42.093999999999994,42.07600000000001,0.09,0.1
13.11.2023 06:38:27.126 GMT-0800,42.104,42.086000000000006,0.12,0.12
13.11.2023 06:38:29.395 GMT-0800,42.104,42.086000000000006,0.09,0.1
13.11.2023 06:38:29.446 GMT-0800,42.123999999999995,42.096000000000004,0.12,0.12
13.11.2023 06:38:29.664 GMT-0800,42.113,42.097,0.0009,0.12
13.11.2023 06:38:29.765 GMT-0800,42.123999999999995,42.096000000000004,0.12,0.12
13.11.2023 06:38:30.164 GMT-0800,42.113,42.097,0.0009,0.12
13.11.2023 06:38:30.691 GMT-0800,42.123000000000005,42.097,0.12,0.12
13.11.2023 06:38:31.077 GMT-0800,42.114,42.096000000000004,0.0009,0.12
13.11.2023 06:38:31.178 GMT-0800,42.123999999999995,42.096000000000004,0.12,0.12
13.11.2023 06:38:31.801 GMT-0800,42.113,42.097,0.12,0.12
13.11.2023 06:38:31.852 GMT-0800,42.123000000000005,42.097,0.12,0.12
13.11.2023 06:38:31.903 GMT-0800,42.114,42.096000000000004,0.12,0.12
13.11.2023 06:38:32.330 GMT-0800,42.123000000000005,42.097,0.12,0.12
13.11.2023 06:38:33.538 GMT-0800,42.123999999999995,42.096000000000004,0.12,0.1
13.11.2023 06:38:39.804 GMT-0800,42.143,42.117,0.12,0.12
13.11.2023 06:38:40.467 GMT-0800,42.143,42.127,0.12,0.12
13.11.2023 06:38:40.915 GMT-0800,42.163999999999994,42.126000000000005,0.12,0.12
13.11.2023 06:38:41.243 GMT-0800,42.144,42.126000000000005,0.0009,0.12
13.11.2023 06:38:44.021 GMT-0800,42.133,42.107,0.12,0.12
13.11.2023 06:38:44.730 GMT-0800,42.133,42.107,0.12,0.1
13.11.2023 06:38:48.378 GMT-0800,42.133,42.117,0.09,0.1
13.11.2023 06:38:48.429 GMT-0800,42.143,42.117,0.12,0.12
13.11.2023 06:38:50.042 GMT-0800,42.144,42.11600000000001,0.12,0.1
13.11.2023 06:38:50.482 GMT-0800,42.153000000000006,42.127,0.12,0.12
13.11.2023 06:38:51.332 GMT-0800,42.143,42.127,0.0009,0.12
13.11.2023 06:38:52.050 GMT-0800,42.153999999999996,42.126000000000005,0.12,0.12
13.11.2023 06:38:52.260 GMT-0800,42.163000000000004,42.127,0.12,0.12
13.11.2023 06:38:52.960 GMT-0800,42.143,42.127,0.0009,0.12
13.11.2023 06:38:53.011 GMT-0800,42.163000000000004,42.127,0.12,0.12
13.11.2023 06:38:53.576 GMT-0800,42.144,42.126000000000005,0.0009,0.12
13.11.2023 06:38:54.204 GMT-0800,42.163000000000004,42.127,0.12,0.12
13.11.2023 06:38:55.120 GMT-0800,42.143,42.127,0.0009,0.12
13.11.2023 06:38:55.322 GMT-0800,42.163999999999994,42.126000000000005,0.12,0.12
13.11.2023 06:38:56.513 GMT-0800,42.153000000000006,42.137,0.12,0.12
13.11.2023 06:38:57.217 GMT-0800,42.163000000000004,42.137,0.12,0.12
13.11.2023 06:38:57.613 GMT-0800,42.153000000000006,42.137,0.0009,0.12
13.11.2023 06:38:58.028 GMT-0800,42.163999999999994,42.136,0.12,0.12
13.11.2023 06:38:58.382 GMT-0800,42.153000000000006,42.137,0.0009,0.12
13.11.2023 06:38:58.631 GMT-0800,42.143,42.137,0.0009,0.09
13.11.2023 06:38:58.681 GMT-0800,42.144,42.126000000000005,0.12,0.12
13.11.2023 06:38:59.361 GMT-0800,42.153000000000006,42.127,0.12,0.12
13.11.2023 06:38:59.412 GMT-0800,42.143,42.127,0.09,0.12
13.11.2023 06:38:59.462 GMT-0800,42.153000000000006,42.127,0.12,0.12
13.11.2023 06:39:00.065 GMT-0800,42.153000000000006,42.127,0.12,0.1
13.11.2023 06:39:00.228 GMT-0800,42.153000000000006,42.127,0.12,0.12
13.11.2023 06:39:00.278 GMT-0800,42.143,42.127,0.0009,0.12
13.11.2023 06:39:01.924 GMT-0800,42.133,42.127,0.0009,0.09
13.11.2023 06:39:01.975 GMT-0800,42.123000000000005,42.097,0.12,0.12
13.11.2023 06:39:02.126 GMT-0800,42.123000000000005,42.097,0.12,0.1
13.11.2023 06:39:02.265 GMT-0800,42.113,42.097,0.09,0.1
13.11.2023 06:39:02.315 GMT-0800,42.123999999999995,42.106,0.12,0.12
13.11.2023 06:39:02.520 GMT-0800,42.114,42.096000000000004,0.0009,0.12
13.11.2023 06:39:04.373 GMT-0800,42.123000000000005,42.097,0.12,0.12
13.11.2023 06:39:04.836 GMT-0800,42.114,42.096000000000004,0.0009,0.12
13.11.2023 06:39:05.092 GMT-0800,42.113,42.097,0.09,0.1
13.11.2023 06:39:05.143 GMT-0800,42.123000000000005,42.107,0.12,0.12
13.11.2023 06:39:05.511 GMT-0800,42.114,42.096000000000004,0.0009,0.12
13.11.2023 06:39:05.613 GMT-0800,42.123999999999995,42.096000000000004,0.12,0.12
13.11.2023 06:39:05.663 GMT-0800,42.114,42.096000000000004,0.12,0.12
13.11.2023 06:39:05.774 GMT-0800,42.123999999999995,42.096000000000004,0.12,0.12
13.11.2023 06:39:06.551 GMT-0800,42.123000000000005,42.097,0.12,0.1
13.11.2023 06:39:06.698 GMT-0800,42.113,42.097,0.12,0.12
13.11.2023 06:39:08.080 GMT-0800,42.123999999999995,42.096000000000004,0.12,0.12
13.11.2023 06:39:08.131 GMT-0800,42.113,42.097,0.12,0.12
13.11.2023 06:39:08.812 GMT-0800,42.123999999999995,42.096000000000004,0.12,0.12
13.11.2023 06:39:09.203 GMT-0800,42.123000000000005,42.107,0.12,0.12
13.11.2023 06:39:09.610 GMT-0800,42.123999999999995,42.096000000000004,0.12,0.12
13.11.2023 06:39:09.734 GMT-0800,42.123999999999995,42.106,0.12,0.12
13.11.2023 06:39:09.913 GMT-0800,42.123000000000005,42.097,0.12,0.12
13.11.2023 06:39:10.358 GMT-0800,42.123000000000005,42.097,0.12,0.1
13.11.2023 06:39:10.870 GMT-0800,42.134,42.106,0.12,0.12
13.11.2023 06:39:11.127 GMT-0800,42.123000000000005,42.107,0.0009,0.12
13.11.2023 06:39:11.440 GMT-0800,42.134,42.106,0.12,0.12
13.11.2023 06:39:11.669 GMT-0800,42.134,42.106,0.12,0.1
13.11.2023 06:39:11.719 GMT-0800,42.144,42.11600000000001,0.12,0.12
13.11.2023 06:39:11.883 GMT-0800,42.134,42.11600000000001,0.0009,0.12
13.11.2023 06:39:13.011 GMT-0800,42.134,42.11600000000001,0.09,0.1
13.11.2023 06:39:13.061 GMT-0800,42.144,42.126000000000005,0.12,0.12
13.11.2023 06:39:14.998 GMT-0800,42.144,42.11600000000001,0.12,0.12
13.11.2023 06:39:15.155 GMT-0800,42.134,42.11600000000001,0.0009,0.12
13.11.2023 06:39:15.725 GMT-0800,42.144,42.126000000000005,0.12,0.12
13.11.2023 06:39:15.836 GMT-0800,42.143,42.117,0.12,0.12
13.11.2023 06:39:16.659 GMT-0800,42.143,42.117,0.12,0.1
13.11.2023 06:39:16.882 GMT-0800,42.143,42.117,0.12,0.12
13.11.2023 06:39:16.933 GMT-0800,42.143,42.127,0.12,0.12
13.11.2023 06:39:17.795 GMT-0800,42.133,42.127,0.0009,0.09
13.11.2023 06:39:17.846 GMT-0800,42.133,42.117,0.12,0.12
13.11.2023 06:39:19.041 GMT-0800,42.123000000000005,42.117,0.0009,0.09
13.11.2023 06:39:19.091 GMT-0800,42.123999999999995,42.106,0.12,0.12
13.11.2023 06:39:20.357 GMT-0800,42.134,42.11600000000001,0.12,0.12
13.11.2023 06:39:21.903 GMT-0800,42.123000000000005,42.117,0.0009,0.09
13.11.2023 06:39:21.954 GMT-0800,42.123000000000005,42.107,0.12,0.12
13.11.2023 06:39:22.005 GMT-0800,42.123000000000005,42.107,0.09,0.1
13.11.2023 06:39:22.055 GMT-0800,42.133,42.117,0.12,0.12
13.11.2023 06:39:23.452 GMT-0800,42.123000000000005,42.107,0.12,0.12
13.11.2023 06:39:23.877 GMT-0800,42.123000000000005,42.097,0.12,0.12
13.11.2023 06:39:23.979 GMT-0800,42.123000000000005,42.107,0.12,0.12
13.11.2023 06:39:24.080 GMT-0800,42.113,42.097,0.12,0.12
13.11.2023 06:39:25.122 GMT-0800,42.114,42.096000000000004,0.09,0.1
13.11.2023 06:39:25.173 GMT-0800,42.123000000000005,42.107,0.12,0.12
13.11.2023 06:39:25.834 GMT-0800,42.133,42.107,0.12,0.12
13.11.2023 06:39:25.906 GMT-0800,42.123000000000005,42.107,0.0009,0.12
13.11.2023 06:39:26.066 GMT-0800,42.134,42.106,0.12,0.12
13.11.2023 06:39:26.219 GMT-0800,42.123000000000005,42.107,0.0009,0.12
13.11.2023 06:39:27.283 GMT-0800,42.123000000000005,42.097,0.12,0.12
13.11.2023 06:39:27.734 GMT-0800,42.123000000000005,42.097,0.12,0.1
13.11.2023 06:39:29.317 GMT-0800,42.123999999999995,42.096000000000004,0.12,0.12
13.11.2023 06:39:29.371 GMT-0800,42.123999999999995,42.096000000000004,0.12,0.1
13.11.2023 06:39:30.531 GMT-0800,42.114,42.096000000000004,0.12,0.12
13.11.2023 06:39:31.830 GMT-0800,42.114,42.096000000000004,0.09,0.1
13.11.2023 06:39:31.881 GMT-0800,42.123999999999995,42.106,0.12,0.12
13.11.2023 06:39:37.134 GMT-0800,42.134,42.11600000000001,0.12,0.12
13.11.2023 06:39:40.693 GMT-0800,42.134,42.11600000000001,0.09,0.1
13.11.2023 06:39:40.753 GMT-0800,42.143,42.127,0.12,0.12
13.11.2023 06:39:42.621 GMT-0800,42.143,42.127,0.09,0.1
13.11.2023 06:39:42.675 GMT-0800,42.153000000000006,42.137,0.12,0.12
13.11.2023 06:39:47.701 GMT-0800,42.163000000000004,42.137,0.12,0.12
13.11.2023 06:39:49.151 GMT-0800,42.153000000000006,42.137,0.0009,0.12
13.11.2023 06:39:56.131 GMT-0800,42.173,42.157,0.12,0.12
13.11.2023 06:39:56.816 GMT-0800,42.184,42.156000000000006,0.12,0.12
13.11.2023 06:39:57.441 GMT-0800,42.173,42.157,0.12,0.12
13.11.2023 06:40:02.522 GMT-0800,42.184,42.166000000000004,0.12,0.12
13.11.2023 06:40:02.730 GMT-0800,42.173,42.167,0.0009,0.09
13.11.2023 06:40:02.879 GMT-0800,42.174,42.156000000000006,0.12,0.12
13.11.2023 06:40:04.919 GMT-0800,42.163999999999994,42.156000000000006,0.0009,0.09
13.11.2023 06:40:04.970 GMT-0800,42.163999999999994,42.14600000000001,0.12,0.12
13.11.2023 06:40:05.628 GMT-0800,42.163999999999994,42.14600000000001,0.09,0.1
13.11.2023 06:40:05.729 GMT-0800,42.173,42.157,0.12,0.12
13.11.2023 06:40:07.661 GMT-0800,42.174,42.156000000000006,0.09,0.1
13.11.2023 06:40:07.762 GMT-0800,42.183,42.167,0.12,0.12
13.11.2023 06:40:08.575 GMT-0800,42.193999999999996,42.166000000000004,0.12,0.12
13.11.2023 06:40:09.588 GMT-0800,42.184,42.166000000000004,0.0009,0.12
13.11.2023 06:40:16.198 GMT-0800,42.184,42.166000000000004,0.09,0.1
13.11.2023 06:40:16.379 GMT-0800,42.193000000000005,42.177,0.12,0.12
13.11.2023 06:40:16.756 GMT-0800,42.183,42.177,0.0009,0.09
13.11.2023 06:40:16.807 GMT-0800,42.183,42.167,0.12,0.12
13.11.2023 06:40:18.072 GMT-0800,42.174,42.166000000000004,0.0009,0.09
13.11.2023 06:40:18.123 GMT-0800,42.174,42.156000000000006,0.12,0.09
13.11.2023 06:40:18.174 GMT-0800,42.174,42.14600000000001,0.12,0.12
13.11.2023 06:40:18.686 GMT-0800,42.173,42.147,0.12,0.1
13.11.2023 06:40:19.134 GMT-0800,42.184,42.156000000000006,0.12,0.12
13.11.2023 06:40:19.367 GMT-0800,42.174,42.156000000000006,0.0009,0.12
13.11.2023 06:40:21.423 GMT-0800,42.173,42.147,0.12,0.12
13.11.2023 06:40:21.499 GMT-0800,42.173,42.147,0.12,0.1
13.11.2023 06:40:22.436 GMT-0800,42.173,42.157,0.09,0.1
13.11.2023 06:40:22.486 GMT-0800,42.183,42.167,0.12,0.12
13.11.2023 06:40:22.537 GMT-0800,42.184,42.156000000000006,0.12,0.12
13.11.2023 06:40:24.173 GMT-0800,42.184,42.166000000000004,0.12,0.12
13.11.2023 06:40:24.600 GMT-0800,42.183,42.157,0.12,0.12
13.11.2023 06:40:25.470 GMT-0800,42.184,42.156000000000006,0.12,0.1
13.11.2023 06:40:25.838 GMT-0800,42.174,42.166000000000004,0.0009,0.09
13.11.2023 06:40:25.939 GMT-0800,42.174,42.156000000000006,0.12,0.12
13.11.2023 06:40:27.064 GMT-0800,42.183,42.167,0.12,0.12
13.11.2023 06:40:28.485 GMT-0800,42.183,42.157,0.12,0.12
13.11.2023 06:40:28.724 GMT-0800,42.183,42.157,0.12,0.1
13.11.2023 06:40:29.027 GMT-0800,42.193999999999996,42.166000000000004,0.12,0.12
13.11.2023 06:40:29.288 GMT-0800,42.193999999999996,42.166000000000004,0.12,0.1
13.11.2023 06:40:30.664 GMT-0800,42.203,42.177,0.12,0.12
13.11.2023 06:40:32.083 GMT-0800,42.193000000000005,42.177,0.0009,0.12
13.11.2023 06:40:32.733 GMT-0800,42.203,42.177,0.12,0.12
13.11.2023 06:40:32.857 GMT-0800,42.193000000000005,42.177,0.0009,0.12
13.11.2023 06:40:32.958 GMT-0800,42.204,42.176,0.12,0.12
13.11.2023 06:40:34.430 GMT-0800,42.193999999999996,42.176,0.0009,0.12
13.11.2023 06:40:35.021 GMT-0800,42.204,42.176,0.12,0.12
13.11.2023 06:40:35.449 GMT-0800,42.193000000000005,42.177,0.12,0.12
13.11.2023 06:40:36.480 GMT-0800,42.193999999999996,42.176,0.09,0.1
13.11.2023 06:40:36.531 GMT-0800,42.204,42.18600000000001,0.12,0.12
13.11.2023 06:40:37.400 GMT-0800,42.193999999999996,42.18600000000001,0.0009,0.09
13.11.2023 06:40:37.455 GMT-0800,42.193000000000005,42.177,0.12,0.12
13.11.2023 06:40:37.556 GMT-0800,42.193999999999996,42.166000000000004,0.12,0.12
13.11.2023 06:40:38.336 GMT-0800,42.193999999999996,42.176,0.12,0.12
13.11.2023 06:40:38.881 GMT-0800,42.193000000000005,42.167,0.12,0.12
13.11.2023 06:40:39.583 GMT-0800,42.193000000000005,42.167,0.12,0.1
13.11.2023 06:40:40.290 GMT-0800,42.193000000000005,42.167,0.12,0.12
13.11.2023 06:40:40.654 GMT-0800,42.183,42.167,0.0009,0.12
13.11.2023 06:40:44.474 GMT-0800,42.174,42.166000000000004,0.0009,0.09
13.11.2023 06:40:44.524 GMT-0800,42.174,42.156000000000006,0.12,0.12
13.11.2023 06:40:44.696 GMT-0800,42.173,42.157,0.09,0.1
13.11.2023 06:40:44.748 GMT-0800,42.183,42.167,0.12,0.12
13.11.2023 06:40:47.171 GMT-0800,42.183,42.167,0.09,0.1
13.11.2023 06:40:47.222 GMT-0800,42.193000000000005,42.177,0.12,0.12
13.11.2023 06:40:49.519 GMT-0800,42.183,42.177,0.0009,0.09
13.11.2023 06:40:49.570 GMT-0800,42.183,42.167,0.12,0.12
13.11.2023 06:40:53.779 GMT-0800,42.184,42.166000000000004,0.09,0.1
13.11.2023 06:40:53.830 GMT-0800,42.193000000000005,42.177,0.12,0.12
13.11.2023 06:40:59.849 GMT-0800,42.183,42.167,0.12,0.12
13.11.2023 06:41:00.108 GMT-0800,42.183,42.157,0.12,0.12
13.11.2023 06:41:00.475 GMT-0800,42.184,42.156000000000006,0.12,0.1
13.11.2023 06:41:04.112 GMT-0800,42.193000000000005,42.177,0.12,0.12
13.11.2023 06:41:05.515 GMT-0800,42.193000000000005,42.177,0.09,0.1
13.11.2023 06:41:05.616 GMT-0800,42.193000000000005,42.177,0.12,0.12
13.11.2023 06:41:06.055 GMT-0800,42.183,42.167,0.12,0.12
13.11.2023 06:41:06.106 GMT-0800,42.193999999999996,42.166000000000004,0.12,0.12
13.11.2023 06:41:06.395 GMT-0800,42.183,42.167,0.0009,0.12
13.11.2023 06:41:06.564 GMT-0800,42.193000000000005,42.167,0.12,0.12
13.11.2023 06:41:06.625 GMT-0800,42.193999999999996,42.166000000000004,0.12,0.1
13.11.2023 06:41:06.676 GMT-0800,42.193999999999996,42.166000000000004,0.12,0.12
13.11.2023 06:41:06.972 GMT-0800,42.193999999999996,42.176,0.12,0.12
13.11.2023 06:41:07.131 GMT-0800,42.193000000000005,42.167,0.12,0.12
13.11.2023 06:41:07.392 GMT-0800,42.193999999999996,42.166000000000004,0.12,0.1
13.11.2023 06:41:07.873 GMT-0800,42.204,42.176,0.12,0.12
13.11.2023 06:41:07.923 GMT-0800,42.193999999999996,42.176,0.12,0.12
13.11.2023 06:41:08.126 GMT-0800,42.204,42.176,0.12,0.12
13.11.2023 06:41:08.227 GMT-0800,42.204,42.176,0.12,0.1
13.11.2023 06:41:08.817 GMT-0800,42.203,42.177,0.12,0.12
13.11.2023 06:41:08.868 GMT-0800,42.203,42.187,0.12,0.12
13.11.2023 06:41:09.342 GMT-0800,42.203,42.177,0.12,0.12
13.11.2023 06:41:09.547 GMT-0800,42.203,42.187,0.12,0.12
13.11.2023 06:41:09.598 GMT-0800,42.203,42.177,0.12,0.12
13.11.2023 06:41:09.699 GMT-0800,42.203,42.177,0.12,0.1
13.11.2023 06:41:10.512 GMT-0800,42.204,42.176,0.12,0.12
13.11.2023 06:41:10.853 GMT-0800,42.203,42.177,0.12,0.1
13.11.2023 06:41:11.084 GMT-0800,42.203,42.177,0.12,0.12
13.11.2023 06:41:11.135 GMT-0800,42.203,42.187,0.12,0.12
13.11.2023 06:41:11.387 GMT-0800,42.204,42.176,0.12,0.12
13.11.2023 06:41:11.739 GMT-0800,42.204,42.176,0.12,0.1
13.11.2023 06:41:11.789 GMT-0800,42.203,42.177,0.12,0.12
13.11.2023 06:41:12.290 GMT-0800,42.204,42.176,0.12,0.1
13.11.2023 06:41:12.868 GMT-0800,42.203,42.187,0.09,0.1
13.11.2023 06:41:13.088 GMT-0800,42.223000000000006,42.196999999999996,0.12,0.12
13.11.2023 06:41:13.139 GMT-0800,42.213,42.196999999999996,0.12,0.12
13.11.2023 06:41:13.646 GMT-0800,42.204,42.18600000000001,0.0009,0.12
13.11.2023 06:41:13.747 GMT-0800,42.214,42.18600000000001,0.12,0.12
13.11.2023 06:41:13.798 GMT-0800,42.203,42.187,0.12,0.12
13.11.2023 06:41:14.309 GMT-0800,42.214,42.18600000000001,0.12,0.12
13.11.2023 06:41:14.360 GMT-0800,42.204,42.18600000000001,0.12,0.12
13.11.2023 06:41:14.797 GMT-0800,42.193000000000005,42.167,0.12,0.12
13.11.2023 06:41:15.169 GMT-0800,42.193000000000005,42.177,0.12,0.12
13.11.2023 06:41:15.883 GMT-0800,42.193999999999996,42.166000000000004,0.12,0.12
13.11.2023 06:41:15.934 GMT-0800,42.193999999999996,42.176,0.12,0.12
13.11.2023 06:41:16.628 GMT-0800,42.193000000000005,42.167,0.12,0.12
13.11.2023 06:41:16.879 GMT-0800,42.193000000000005,42.167,0.12,0.1
13.11.2023 06:41:16.930 GMT-0800,42.193999999999996,42.166000000000004,0.12,0.12
13.11.2023 06:41:18.227 GMT-0800,42.193000000000005,42.177,0.12,0.12
13.11.2023 06:41:18.830 GMT-0800,42.193000000000005,42.167,0.12,0.12
13.11.2023 06:41:18.881 GMT-0800,42.193000000000005,42.177,0.12,0.12
13.11.2023 06:41:20.566 GMT-0800,42.193000000000005,42.167,0.12,0.12
13.11.2023 06:41:20.752 GMT-0800,42.193000000000005,42.167,0.12,0.1
13.11.2023 06:41:20.968 GMT-0800,42.193999999999996,42.166000000000004,0.12,0.12
13.11.2023 06:41:21.517 GMT-0800,42.193000000000005,42.177,0.12,0.12
13.11.2023 06:41:21.695 GMT-0800,42.193000000000005,42.167,0.12,0.12
13.11.2023 06:41:21.803 GMT-0800,42.193999999999996,42.166000000000004,0.12,0.1
13.11.2023 06:41:21.904 GMT-0800,42.193000000000005,42.167,0.12,0.12
13.11.2023 06:41:21.955 GMT-0800,42.193000000000005,42.167,0.12,0.1
13.11.2023 06:41:22.381 GMT-0800,42.193000000000005,42.167,0.12,0.12
13.11.2023 06:41:22.432 GMT-0800,42.193000000000005,42.167,0.12,0.1
13.11.2023 06:41:22.482 GMT-0800,42.193000000000005,42.167,0.12,0.12
13.11.2023 06:41:22.583 GMT-0800,42.193999999999996,42.176,0.12,0.12
13.11.2023 06:41:22.709 GMT-0800,42.193000000000005,42.167,0.12,0.12
13.11.2023 06:41:22.769 GMT-0800,42.193999999999996,42.166000000000004,0.12,0.1
13.11.2023 06:41:23.135 GMT-0800,42.193999999999996,42.166000000000004,0.12,0.12
13.11.2023 06:41:23.186 GMT-0800,42.193999999999996,42.176,0.12,0.12
13.11.2023 06:41:23.562 GMT-0800,42.193000000000005,42.167,0.12,0.12
13.11.2023 06:41:23.663 GMT-0800,42.183,42.167,0.12,0.12
13.11.2023 06:41:23.767 GMT-0800,42.193999999999996,42.176,0.12,0.12
13.11.2023 06:41:26.862 GMT-0800,42.203,42.177,0.12,0.12
13.11.2023 06:41:27.005 GMT-0800,42.193999999999996,42.176,0.0009,0.12
13.11.2023 06:41:27.214 GMT-0800,42.203,42.177,0.12,0.12
13.11.2023 06:41:27.345 GMT-0800,42.193000000000005,42.177,0.0009,0.12
13.11.2023 06:41:27.396 GMT-0800,42.204,42.176,0.12,0.12
13.11.2023 06:41:27.759 GMT-0800,42.203,42.187,0.12,0.12
13.11.2023 06:41:27.919 GMT-0800,42.214,42.196000000000005,0.12,0.12
13.11.2023 06:41:28.351 GMT-0800,42.223000000000006,42.196999999999996,0.12,0.12
13.11.2023 06:41:28.689 GMT-0800,42.213,42.196999999999996,0.0009,0.12
13.11.2023 06:41:29.955 GMT-0800,42.214,42.18600000000001,0.12,0.12
13.11.2023 06:41:30.005 GMT-0800,42.204,42.18600000000001,0.12,0.12
13.11.2023 06:41:30.978 GMT-0800,42.214,42.18600000000001,0.12,0.12
13.11.2023 06:41:31.155 GMT-0800,42.203,42.187,0.12,0.12
13.11.2023 06:41:31.205 GMT-0800,42.213,42.187,0.12,0.12
13.11.2023 06:41:31.256 GMT-0800,42.203,42.187,0.0009,0.12
13.11.2023 06:41:36.057 GMT-0800,42.213,42.187,0.12,0.12
13.11.2023 06:41:36.282 GMT-0800,42.203,42.187,0.0009,0.12
13.11.2023 06:41:40.007 GMT-0800,42.204,42.18600000000001,0.09,0.1
13.11.2023 06:41:40.058 GMT-0800,42.213,42.196999999999996,0.12,0.12
13.11.2023 06:41:41.773 GMT-0800,42.214,42.196000000000005,0.09,0.1
13.11.2023 06:41:41.824 GMT-0800,42.233000000000004,42.207,0.12,0.12
13.11.2023 06:41:41.892 GMT-0800,42.233999999999995,42.206,0.12,0.1
13.11.2023 06:41:41.943 GMT-0800,42.243,42.217,0.12,0.12
13.11.2023 06:41:41.994 GMT-0800,42.233999999999995,42.216,0.09,0.12
13.11.2023 06:41:42.044 GMT-0800,42.244,42.216,0.12,0.12
13.11.2023 06:41:44.078 GMT-0800,42.233999999999995,42.216,0.0009,0.12
13.11.2023 06:41:44.230 GMT-0800,42.244,42.216,0.12,0.12
13.11.2023 06:41:44.339 GMT-0800,42.233999999999995,42.216,0.0009,0.12
13.11.2023 06:41:44.389 GMT-0800,42.244,42.216,0.12,0.12
13.11.2023 06:41:44.440 GMT-0800,42.233000000000004,42.217,0.12,0.12
13.11.2023 06:41:44.541 GMT-0800,42.244,42.226000000000006,0.12,0.12
13.11.2023 06:41:44.860 GMT-0800,42.254,42.226000000000006,0.12,0.12
13.11.2023 06:41:45.038 GMT-0800,42.244,42.226000000000006,0.0009,0.12
13.11.2023 06:41:47.956 GMT-0800,42.253,42.237,0.12,0.12
13.11.2023 06:41:59.465 GMT-0800,42.244,42.236000000000004,0.0009,0.09
13.11.2023 06:41:59.515 GMT-0800,42.244,42.226000000000006,0.12,0.12
13.11.2023 06:42:01.244 GMT-0800,42.244,42.226000000000006,0.09,0.1
13.11.2023 06:42:01.345 GMT-0800,42.254,42.236000000000004,0.12,0.12
13.11.2023 06:42:03.355 GMT-0800,42.254,42.236000000000004,0.09,0.1
13.11.2023 06:42:03.456 GMT-0800,42.273999999999994,42.246,0.12,0.12
13.11.2023 06:42:03.760 GMT-0800,42.263999999999996,42.246,0.12,0.12
13.11.2023 06:42:04.039 GMT-0800,42.273,42.247,0.12,0.12
13.11.2023 06:42:04.693 GMT-0800,42.263999999999996,42.246,0.0009,0.12
13.11.2023 06:42:04.876 GMT-0800,42.273,42.247,0.12,0.12
13.11.2023 06:42:05.538 GMT-0800,42.273999999999994,42.25600000000001,0.12,0.12
13.11.2023 06:42:06.316 GMT-0800,42.273,42.247,0.12,0.12
13.11.2023 06:42:06.521 GMT-0800,42.273,42.247,0.12,0.1
13.11.2023 06:42:06.572 GMT-0800,42.273999999999994,42.246,0.12,0.12
13.11.2023 06:42:08.130 GMT-0800,42.273999999999994,42.25600000000001,0.12,0.12
13.11.2023 06:42:08.648 GMT-0800,42.273,42.247,0.12,0.12
13.11.2023 06:42:09.893 GMT-0800,42.273999999999994,42.246,0.12,0.1
13.11.2023 06:42:11.026 GMT-0800,42.273,42.257,0.09,0.1
13.11.2023 06:42:11.078 GMT-0800,42.283,42.266999999999996,0.12,0.12
13.11.2023 06:42:11.707 GMT-0800,42.273999999999994,42.246,0.12,0.12
13.11.2023 06:42:11.758 GMT-0800,42.273999999999994,42.25600000000001,0.12,0.12
13.11.2023 06:42:12.122 GMT-0800,42.273,42.247,0.12,0.12
13.11.2023 06:42:12.475 GMT-0800,42.273,42.257,0.12,0.12
13.11.2023 06:42:13.189 GMT-0800,42.283,42.257,0.12,0.12
13.11.2023 06:42:13.290 GMT-0800,42.284,42.266000000000005,0.12,0.12
13.11.2023 06:42:13.395 GMT-0800,42.284,42.25600000000001,0.12,0.12
13.11.2023 06:42:13.515 GMT-0800,42.283,42.257,0.12,0.1
13.11.2023 06:42:13.566 GMT-0800,42.284,42.25600000000001,0.12,0.12
13.11.2023 06:42:13.646 GMT-0800,42.283,42.257,0.12,0.1
13.11.2023 06:42:16.025 GMT-0800,42.284,42.25600000000001,0.12,0.12
13.11.2023 06:42:16.789 GMT-0800,42.284,42.25600000000001,0.12,0.1
13.11.2023 06:42:17.188 GMT-0800,42.283,42.257,0.12,0.12
13.11.2023 06:42:17.238 GMT-0800,42.284,42.266000000000005,0.12,0.12
13.11.2023 06:42:17.339 GMT-0800,42.283,42.257,0.12,0.12
13.11.2023 06:42:17.447 GMT-0800,42.283,42.257,0.12,0.1
13.11.2023 06:42:17.548 GMT-0800,42.283,42.257,0.12,0.12
13.11.2023 06:42:18.350 GMT-0800,42.283,42.257,0.12,0.1
13.11.2023 06:42:18.561 GMT-0800,42.283,42.257,0.12,0.12
13.11.2023 06:42:19.592 GMT-0800,42.283,42.257,0.12,0.1
13.11.2023 06:42:25.427 GMT-0800,42.283,42.266999999999996,0.09,0.1
13.11.2023 06:42:25.478 GMT-0800,42.303999999999995,42.276,0.12,0.12
13.11.2023 06:42:25.829 GMT-0800,42.293,42.277,0.12,0.12
13.11.2023 06:42:25.934 GMT-0800,42.303000000000004,42.277,0.12,0.12
13.11.2023 06:42:26.140 GMT-0800,42.303000000000004,42.287,0.12,0.12
13.11.2023 06:42:26.191 GMT-0800,42.303999999999995,42.276,0.12,0.12
13.11.2023 06:42:26.295 GMT-0800,42.294,42.276,0.0009,0.09
13.11.2023 06:42:26.376 GMT-0800,42.293,42.266999999999996,0.12,0.12
13.11.2023 06:42:27.658 GMT-0800,42.294,42.276,0.12,0.12
13.11.2023 06:42:27.810 GMT-0800,42.294,42.266000000000005,0.12,0.12
13.11.2023 06:42:27.860 GMT-0800,42.293,42.266999999999996,0.12,0.1
13.11.2023 06:42:27.911 GMT-0800,42.294,42.266000000000005,0.12,0.12
13.11.2023 06:42:28.416 GMT-0800,42.283,42.266999999999996,0.12,0.12
13.11.2023 06:42:28.668 GMT-0800,42.284,42.25600000000001,0.12,0.12
13.11.2023 06:42:29.127 GMT-0800,42.284,42.25600000000001,0.12,0.1
13.11.2023 06:42:29.578 GMT-0800,42.283,42.257,0.12,0.12
13.11.2023 06:42:30.172 GMT-0800,42.273999999999994,42.25600000000001,0.0009,0.12
13.11.2023 06:42:30.226 GMT-0800,42.284,42.25600000000001,0.12,0.12
13.11.2023 06:42:30.278 GMT-0800,42.273,42.257,0.0009,0.12
13.11.2023 06:42:31.037 GMT-0800,42.283,42.257,0.12,0.12
13.11.2023 06:42:31.129 GMT-0800,42.273999999999994,42.25600000000001,0.0009,0.12
13.11.2023 06:42:31.382 GMT-0800,42.283,42.257,0.12,0.12
13.11.2023 06:42:31.591 GMT-0800,42.273999999999994,42.25600000000001,0.0009,0.12
13.11.2023 06:42:31.641 GMT-0800,42.283,42.257,0.12,0.12
13.11.2023 06:42:31.742 GMT-0800,42.273999999999994,42.25600000000001,0.0009,0.12
13.11.2023 06:42:31.793 GMT-0800,42.283,42.257,0.12,0.12
13.11.2023 06:42:31.935 GMT-0800,42.273,42.257,0.0009,0.12
13.11.2023 06:42:32.935 GMT-0800,42.284,42.25600000000001,0.12,0.12
13.11.2023 06:42:33.488 GMT-0800,42.273,42.257,0.0009,0.12
13.11.2023 06:42:33.691 GMT-0800,42.283,42.257,0.12,0.12
13.11.2023 06:42:33.875 GMT-0800,42.273999999999994,42.25600000000001,0.0009,0.12
13.11.2023 06:42:34.980 GMT-0800,42.284,42.25600000000001,0.12,0.12
13.11.2023 06:42:35.209 GMT-0800,42.273999999999994,42.25600000000001,0.0009,0.12
13.11.2023 06:42:35.310 GMT-0800,42.283,42.257,0.12,0.12
13.11.2023 06:42:35.481 GMT-0800,42.273999999999994,42.25600000000001,0.0009,0.12
13.11.2023 06:42:35.531 GMT-0800,42.283,42.257,0.12,0.12
13.11.2023 06:42:35.889 GMT-0800,42.273999999999994,42.25600000000001,0.0009,0.12
13.11.2023 06:42:36.385 GMT-0800,42.283,42.257,0.12,0.12
13.11.2023 06:42:36.472 GMT-0800,42.273,42.257,0.0009,0.12
13.11.2023 06:42:36.573 GMT-0800,42.284,42.25600000000001,0.12,0.12
13.11.2023 06:42:37.050 GMT-0800,42.273,42.257,0.0009,0.12
13.11.2023 06:42:37.283 GMT-0800,42.284,42.25600000000001,0.12,0.12
13.11.2023 06:42:38.145 GMT-0800,42.273,42.257,0.0009,0.12
13.11.2023 06:42:38.196 GMT-0800,42.284,42.25600000000001,0.12,0.12
13.11.2023 06:42:38.247 GMT-0800,42.273999999999994,42.25600000000001,0.12,0.12
13.11.2023 06:42:38.537 GMT-0800,42.283,42.257,0.12,0.12
13.11.2023 06:42:39.010 GMT-0800,42.283,42.257,0.12,0.1
13.11.2023 06:42:40.253 GMT-0800,42.273999999999994,42.266000000000005,0.0009,0.09
13.11.2023 06:42:40.304 GMT-0800,42.273,42.257,0.12,0.12
13.11.2023 06:42:40.515 GMT-0800,42.263999999999996,42.25600000000001,0.0009,0.09
13.11.2023 06:42:40.667 GMT-0800,42.263000000000005,42.237,0.12,0.12
13.11.2023 06:42:40.739 GMT-0800,42.253,42.237,0.0009,0.12
13.11.2023 06:42:40.840 GMT-0800,42.263999999999996,42.236000000000004,0.12,0.12
13.11.2023 06:42:41.105 GMT-0800,42.253,42.237,0.0009,0.12
13.11.2023 06:42:41.380 GMT-0800,42.263999999999996,42.236000000000004,0.12,0.12
13.11.2023 06:42:41.468 GMT-0800,42.253,42.237,0.0009,0.12
13.11.2023 06:42:41.726 GMT-0800,42.263999999999996,42.236000000000004,0.12,0.12
13.11.2023 06:42:41.777 GMT-0800,42.254,42.236000000000004,0.0009,0.12
13.11.2023 06:42:42.883 GMT-0800,42.263000000000005,42.237,0.12,0.12
13.11.2023 06:42:43.562 GMT-0800,42.254,42.236000000000004,0.0009,0.12
13.11.2023 06:42:44.019 GMT-0800,42.263000000000005,42.237,0.12,0.12
13.11.2023 06:42:44.456 GMT-0800,42.253,42.237,0.0009,0.12
13.11.2023 06:42:44.557 GMT-0800,42.263999999999996,42.236000000000004,0.12,0.12
13.11.2023 06:42:44.878 GMT-0800,42.254,42.236000000000004,0.0009,0.12
13.11.2023 06:42:45.848 GMT-0800,42.254,42.226000000000006,0.12,0.12
13.11.2023 06:42:46.415 GMT-0800,42.253,42.227,0.12,0.1
13.11.2023 06:42:46.778 GMT-0800,42.243,42.227,0.0009,0.12
13.11.2023 06:42:48.359 GMT-0800,42.233000000000004,42.227,0.0009,0.09
13.11.2023 06:42:48.460 GMT-0800,42.233999999999995,42.216,0.12,0.12
13.11.2023 06:42:48.726 GMT-0800,42.244,42.216,0.12,0.12
13.11.2023 06:42:48.790 GMT-0800,42.233999999999995,42.216,0.0009,0.12
13.11.2023 06:42:50.035 GMT-0800,42.244,42.216,0.12,0.12
13.11.2023 06:42:50.154 GMT-0800,42.233000000000004,42.217,0.0009,0.12
13.11.2023 06:42:50.441 GMT-0800,42.244,42.216,0.12,0.12
13.11.2023 06:42:50.667 GMT-0800,42.244,42.216,0.12,0.1
13.11.2023 06:42:50.717 GMT-0800,42.253,42.227,0.12,0.12
13.11.2023 06:42:51.108 GMT-0800,42.244,42.226000000000006,0.0009,0.12
13.11.2023 06:42:51.605 GMT-0800,42.254,42.226000000000006,0.12,0.12
13.11.2023 06:42:52.003 GMT-0800,42.244,42.226000000000006,0.0009,0.12
13.11.2023 06:42:52.054 GMT-0800,42.254,42.226000000000006,0.12,0.12
13.11.2023 06:42:52.261 GMT-0800,42.244,42.226000000000006,0.12,0.12
13.11.2023 06:42:52.568 GMT-0800,42.253,42.227,0.12,0.12
13.11.2023 06:42:52.619 GMT-0800,42.253,42.237,0.12,0.09
13.11.2023 06:42:52.670 GMT-0800,42.253,42.227,0.12,0.12
13.11.2023 06:42:52.720 GMT-0800,42.253,42.237,0.12,0.12
13.11.2023 06:42:53.168 GMT-0800,42.263000000000005,42.237,0.12,0.12
13.11.2023 06:42:57.220 GMT-0800,42.263000000000005,42.247,0.12,0.12
13.11.2023 06:43:00.067 GMT-0800,42.263999999999996,42.236000000000004,0.12,0.12
13.11.2023 06:43:00.171 GMT-0800,42.263000000000005,42.237,0.12,0.1
13.11.2023 06:43:00.892 GMT-0800,42.263000000000005,42.247,0.09,0.1
