Local time,Ask,Bid,AskVolume,BidVolume
13.11.2023 06:30:01.256 GMT-0800,34.103,33.817,0.0132,0.0132
13.11.2023 06:30:01.912 GMT-0800,33.924,33.816,0.0009,0.009
13.11.2023 06:30:02.052 GMT-0800,33.905,33.816,0.0009,0.0112
13.11.2023 06:30:02.184 GMT-0800,33.874,33.826,0.0132,0.0112
13.11.2023 06:30:02.319 GMT-0800,33.874,33.846,0.0132,0.0132
13.11.2023 06:30:02.420 GMT-0800,33.853,33.777,0.0132,0.0132
13.11.2023 06:30:02.471 GMT-0800,33.863,33.777,0.0132,0.0132
13.11.2023 06:30:02.521 GMT-0800,33.853,33.777,0.0009,0.0132
13.11.2023 06:30:02.870 GMT-0800,33.843,33.777,0.0009,0.009
13.11.2023 06:30:03.022 GMT-0800,33.834,33.756,0.0009,0.0132
13.11.2023 06:30:03.123 GMT-0800,33.813,33.757,0.0009,0.0132
13.11.2023 06:30:03.453 GMT-0800,33.774,33.756,0.0009,0.009
13.11.2023 06:30:03.542 GMT-0800,33.783,33.757,0.0009,0.0132
13.11.2023 06:30:03.806 GMT-0800,33.813,33.747,0.0132,0.0132
13.11.2023 06:30:04.195 GMT-0800,33.814,33.746,0.0132,0.0112
13.11.2023 06:30:04.246 GMT-0800,33.814,33.746,0.0132,0.0132
13.11.2023 06:30:04.452 GMT-0800,33.814,33.746,0.0132,0.0112
13.11.2023 06:30:04.503 GMT-0800,33.824,33.756,0.0132,0.0132
13.11.2023 06:30:04.795 GMT-0800,33.824,33.756,0.0132,0.0112
13.11.2023 06:30:04.846 GMT-0800,33.823,33.757,0.0132,0.0112
13.11.2023 06:30:04.947 GMT-0800,33.824,33.756,0.0132,0.0132
13.11.2023 06:30:05.233 GMT-0800,33.813,33.757,0.0009,0.0132
13.11.2023 06:30:05.283 GMT-0800,33.824,33.756,0.0132,0.0132
13.11.2023 06:30:05.384 GMT-0800,33.814,33.756,0.0132,0.0132
13.11.2023 06:30:05.674 GMT-0800,33.823,33.757,0.0132,0.0132
13.11.2023 06:30:05.725 GMT-0800,33.813,33.757,0.0009,0.0132
13.11.2023 06:30:05.876 GMT-0800,33.804,33.756,0.0009,0.0132
13.11.2023 06:30:06.046 GMT-0800,33.794000000000004,33.746,0.009,0.0132
13.11.2023 06:30:06.097 GMT-0800,33.804,33.746,0.0132,0.0132
13.11.2023 06:30:06.178 GMT-0800,33.804,33.746,0.0132,0.0112
13.11.2023 06:30:07.848 GMT-0800,33.804,33.756,0.0132,0.0112
13.11.2023 06:30:07.898 GMT-0800,33.824,33.756,0.0132,0.0132
13.11.2023 06:30:08.483 GMT-0800,33.835,33.757,0.009,0.0112
13.11.2023 06:30:08.533 GMT-0800,33.894,33.786,0.0132,0.0132
13.11.2023 06:30:08.695 GMT-0800,33.954,33.786,0.0132,0.0132
13.11.2023 06:30:08.746 GMT-0800,33.834,33.786,0.0132,0.0132
13.11.2023 06:30:08.929 GMT-0800,33.953,33.787,0.0132,0.0132
13.11.2023 06:30:09.019 GMT-0800,33.954,33.786,0.0132,0.0112
13.11.2023 06:30:10.052 GMT-0800,33.954,33.796,0.0132,0.0112
13.11.2023 06:30:11.569 GMT-0800,33.953,33.807,0.0132,0.0112
13.11.2023 06:30:11.782 GMT-0800,33.954,33.816,0.0132,0.0112
13.11.2023 06:30:11.885 GMT-0800,33.933,33.817,0.0132,0.0132
13.11.2023 06:30:12.005 GMT-0800,33.934000000000005,33.756,0.0132,0.0132
13.11.2023 06:30:12.429 GMT-0800,33.864000000000004,33.756,0.0009,0.0112
13.11.2023 06:30:12.927 GMT-0800,33.853,33.807,0.0132,0.0112
13.11.2023 06:30:13.104 GMT-0800,33.854,33.816,0.0132,0.0112
13.11.2023 06:30:13.726 GMT-0800,33.913000000000004,33.827,0.0132,0.0132
13.11.2023 06:30:14.345 GMT-0800,33.914,33.826,0.0132,0.0112
13.11.2023 06:30:14.502 GMT-0800,33.874,33.846,0.0009,0.0132
13.11.2023 06:30:15.159 GMT-0800,33.893,33.847,0.0132,0.0132
13.11.2023 06:30:15.618 GMT-0800,33.894,33.826,0.0132,0.0132
13.11.2023 06:30:16.586 GMT-0800,33.904,33.856,0.0132,0.0132
13.11.2023 06:30:16.687 GMT-0800,33.893,33.857,0.0132,0.0132
13.11.2023 06:30:16.851 GMT-0800,33.903000000000006,33.857,0.0132,0.0132
13.11.2023 06:30:17.350 GMT-0800,33.894,33.856,0.0009,0.0132
13.11.2023 06:30:17.608 GMT-0800,33.903000000000006,33.857,0.0132,0.0132
13.11.2023 06:30:17.905 GMT-0800,33.894,33.856,0.0009,0.0132
13.11.2023 06:30:18.301 GMT-0800,33.904,33.856,0.0132,0.0132
13.11.2023 06:30:19.054 GMT-0800,33.894,33.856,0.0009,0.0132
13.11.2023 06:30:19.249 GMT-0800,33.903000000000006,33.857,0.0132,0.0132
13.11.2023 06:30:19.300 GMT-0800,33.864000000000004,33.856,0.0009,0.009
13.11.2023 06:30:19.351 GMT-0800,33.863,33.847,0.0132,0.0132
13.11.2023 06:30:19.402 GMT-0800,33.864000000000004,33.836,0.0132,0.0132
13.11.2023 06:30:19.503 GMT-0800,33.853,33.845,0.0009,0.009
13.11.2023 06:30:19.554 GMT-0800,33.853,33.827,0.0132,0.0132
13.11.2023 06:30:20.036 GMT-0800,33.853,33.817,0.0132,0.0132
13.11.2023 06:30:20.796 GMT-0800,33.853,33.817,0.009,0.0112
13.11.2023 06:30:20.847 GMT-0800,33.863,33.847,0.0132,0.0132
13.11.2023 06:30:21.126 GMT-0800,33.863,33.847,0.009,0.0112
13.11.2023 06:30:21.177 GMT-0800,33.914,33.846,0.0009,0.0132
13.11.2023 06:30:21.329 GMT-0800,33.894,33.816,0.0132,0.0132
13.11.2023 06:30:21.380 GMT-0800,33.873000000000005,33.817,0.0132,0.0132
13.11.2023 06:30:21.481 GMT-0800,33.864000000000004,33.816,0.0009,0.0132
13.11.2023 06:30:21.670 GMT-0800,33.873000000000005,33.817,0.0132,0.0132
13.11.2023 06:30:21.740 GMT-0800,33.874,33.816,0.0132,0.0112
13.11.2023 06:30:21.791 GMT-0800,33.873000000000005,33.817,0.0132,0.0132
13.11.2023 06:30:22.350 GMT-0800,33.893,33.817,0.0132,0.0132
13.11.2023 06:30:22.419 GMT-0800,33.873000000000005,33.817,0.0009,0.0132
13.11.2023 06:30:22.706 GMT-0800,33.873000000000005,33.817,0.0132,0.0112
13.11.2023 06:30:22.807 GMT-0800,33.883,33.836999999999996,0.0132,0.0132
13.11.2023 06:30:22.959 GMT-0800,33.873000000000005,33.836999999999996,0.0009,0.0132
13.11.2023 06:30:23.490 GMT-0800,33.863,33.836999999999996,0.0132,0.0132
13.11.2023 06:30:24.982 GMT-0800,33.863,33.836999999999996,0.009,0.0112
13.11.2023 06:30:25.033 GMT-0800,33.884,33.856,0.0132,0.0132
13.11.2023 06:30:25.404 GMT-0800,33.883,33.847,0.0132,0.0132
13.11.2023 06:30:25.650 GMT-0800,33.883,33.847,0.0132,0.0112
13.11.2023 06:30:25.927 GMT-0800,33.884,33.836,0.0132,0.0132
13.11.2023 06:30:26.142 GMT-0800,33.863,33.836999999999996,0.0009,0.0132
13.11.2023 06:30:26.192 GMT-0800,33.874,33.836,0.0132,0.0132
13.11.2023 06:30:26.515 GMT-0800,33.873000000000005,33.836999999999996,0.0132,0.0112
13.11.2023 06:30:26.811 GMT-0800,33.873000000000005,33.836999999999996,0.0132,0.0132
13.11.2023 06:30:27.126 GMT-0800,33.873000000000005,33.836999999999996,0.009,0.0112
13.11.2023 06:30:27.206 GMT-0800,33.914,33.856,0.0132,0.0132
13.11.2023 06:30:27.261 GMT-0800,33.913000000000004,33.836999999999996,0.0132,0.0132
13.11.2023 06:30:28.251 GMT-0800,33.913000000000004,33.836999999999996,0.0132,0.0112
13.11.2023 06:30:29.167 GMT-0800,33.883,33.857,0.0009,0.009
13.11.2023 06:30:29.218 GMT-0800,33.883,33.847,0.0132,0.0132
13.11.2023 06:30:29.626 GMT-0800,33.883,33.847,0.009,0.0112
13.11.2023 06:30:29.677 GMT-0800,33.894,33.836,0.0132,0.0132
13.11.2023 06:30:30.046 GMT-0800,33.894,33.836,0.009,0.0112
13.11.2023 06:30:30.097 GMT-0800,33.914,33.846,0.0132,0.0132
13.11.2023 06:30:30.251 GMT-0800,33.913000000000004,33.847,0.0132,0.0112
13.11.2023 06:30:30.629 GMT-0800,33.893,33.836999999999996,0.0132,0.0132
13.11.2023 06:30:30.679 GMT-0800,33.903000000000006,33.847,0.0132,0.0132
13.11.2023 06:30:31.279 GMT-0800,33.893,33.847,0.009,0.009
13.11.2023 06:30:31.330 GMT-0800,33.913000000000004,33.836999999999996,0.0132,0.0132
13.11.2023 06:30:32.434 GMT-0800,33.893,33.836999999999996,0.0009,0.0132
13.11.2023 06:30:32.890 GMT-0800,33.894,33.836,0.009,0.0112
13.11.2023 06:30:32.941 GMT-0800,33.914,33.846,0.0132,0.0132
13.11.2023 06:30:33.202 GMT-0800,33.914,33.836,0.0132,0.0132
13.11.2023 06:30:33.440 GMT-0800,33.913000000000004,33.836999999999996,0.0132,0.0112
13.11.2023 06:30:33.491 GMT-0800,33.913000000000004,33.836999999999996,0.0132,0.0132
13.11.2023 06:30:34.551 GMT-0800,33.913000000000004,33.836999999999996,0.0132,0.0112
13.11.2023 06:30:34.703 GMT-0800,33.914,33.836,0.0132,0.0132
13.11.2023 06:30:34.754 GMT-0800,33.913000000000004,33.876999999999995,0.0132,0.009
13.11.2023 06:30:34.805 GMT-0800,33.914,33.836,0.0132,0.0132
13.11.2023 06:30:36.633 GMT-0800,33.893,33.836999999999996,0.0009,0.009
13.11.2023 06:30:36.683 GMT-0800,33.903000000000006,33.817,0.0132,0.0132
13.11.2023 06:30:36.734 GMT-0800,33.914,33.816,0.0132,0.0132
13.11.2023 06:30:38.600 GMT-0800,33.914,33.816,0.0132,0.0112
13.11.2023 06:30:39.083 GMT-0800,33.903000000000006,33.857,0.0009,0.009
13.11.2023 06:30:39.235 GMT-0800,33.894,33.846,0.0132,0.0132
13.11.2023 06:30:39.341 GMT-0800,33.904,33.846,0.0132,0.0132
13.11.2023 06:30:39.543 GMT-0800,33.904,33.846,0.0132,0.0112
13.11.2023 06:30:39.645 GMT-0800,33.904,33.846,0.0132,0.0132
13.11.2023 06:30:39.716 GMT-0800,33.894,33.846,0.0009,0.0132
13.11.2023 06:30:39.817 GMT-0800,33.863,33.827,0.0132,0.0132
13.11.2023 06:30:39.942 GMT-0800,33.853,33.827,0.0009,0.009
13.11.2023 06:30:40.043 GMT-0800,33.893,33.836999999999996,0.0132,0.0132
13.11.2023 06:30:40.622 GMT-0800,33.894,33.836,0.009,0.0112
13.11.2023 06:30:40.673 GMT-0800,33.903000000000006,33.857,0.0132,0.009
13.11.2023 06:30:40.724 GMT-0800,33.904,33.836,0.0132,0.0132
13.11.2023 06:30:42.548 GMT-0800,33.894,33.836,0.0009,0.0132
13.11.2023 06:30:42.700 GMT-0800,33.904,33.836,0.0132,0.0132
13.11.2023 06:30:43.408 GMT-0800,33.884,33.856,0.0132,0.0132
13.11.2023 06:30:43.459 GMT-0800,33.893,33.836999999999996,0.0132,0.0132
13.11.2023 06:30:43.509 GMT-0800,33.884,33.836,0.0009,0.0132
13.11.2023 06:30:44.029 GMT-0800,33.893,33.836999999999996,0.0132,0.0132
13.11.2023 06:30:44.080 GMT-0800,33.884,33.836,0.0132,0.0132
13.11.2023 06:30:44.446 GMT-0800,33.893,33.836999999999996,0.0132,0.0132
13.11.2023 06:30:44.573 GMT-0800,33.904,33.836,0.0132,0.0132
13.11.2023 06:30:44.624 GMT-0800,33.883,33.836999999999996,0.0132,0.0132
13.11.2023 06:30:44.776 GMT-0800,33.883,33.857,0.0132,0.0132
13.11.2023 06:30:44.877 GMT-0800,33.883,33.836999999999996,0.0132,0.0132
13.11.2023 06:30:45.683 GMT-0800,33.884,33.826,0.0132,0.0132
13.11.2023 06:30:45.734 GMT-0800,33.893,33.817,0.0132,0.0132
13.11.2023 06:30:46.430 GMT-0800,33.883,33.817,0.0009,0.0132
13.11.2023 06:30:46.723 GMT-0800,33.874,33.816,0.0009,0.0132
13.11.2023 06:30:46.824 GMT-0800,33.873000000000005,33.817,0.0132,0.0112
13.11.2023 06:30:47.141 GMT-0800,33.873000000000005,33.836999999999996,0.0132,0.0132
13.11.2023 06:30:47.242 GMT-0800,33.863,33.817,0.0132,0.0132
13.11.2023 06:30:47.413 GMT-0800,33.864000000000004,33.816,0.0132,0.0112
13.11.2023 06:30:48.110 GMT-0800,33.863,33.817,0.0132,0.0132
13.11.2023 06:30:50.392 GMT-0800,33.853,33.817,0.0009,0.0132
13.11.2023 06:30:51.281 GMT-0800,33.853,33.817,0.009,0.0112
13.11.2023 06:30:51.331 GMT-0800,33.864000000000004,33.826,0.0132,0.0132
13.11.2023 06:30:51.452 GMT-0800,33.853,33.817,0.0132,0.0132
13.11.2023 06:30:52.267 GMT-0800,33.913000000000004,33.817,0.0132,0.0132
13.11.2023 06:30:52.462 GMT-0800,33.914,33.816,0.0132,0.0112
13.11.2023 06:30:52.563 GMT-0800,33.913000000000004,33.817,0.0132,0.0132
13.11.2023 06:30:52.830 GMT-0800,33.864000000000004,33.816,0.0009,0.0112
13.11.2023 06:30:53.230 GMT-0800,33.913000000000004,33.827,0.0132,0.0132
13.11.2023 06:30:53.487 GMT-0800,33.913000000000004,33.817,0.0132,0.0132
13.11.2023 06:30:53.752 GMT-0800,33.863,33.817,0.0009,0.0132
13.11.2023 06:30:55.113 GMT-0800,33.914,33.816,0.0132,0.0132
13.11.2023 06:30:55.558 GMT-0800,33.853,33.817,0.0009,0.0112
13.11.2023 06:30:55.609 GMT-0800,33.863,33.827,0.0132,0.0132
13.11.2023 06:30:56.010 GMT-0800,33.913000000000004,33.827,0.0132,0.0132
13.11.2023 06:30:56.238 GMT-0800,33.913000000000004,33.817,0.0132,0.0132
13.11.2023 06:30:56.289 GMT-0800,33.913000000000004,33.836999999999996,0.0132,0.0132
13.11.2023 06:30:56.822 GMT-0800,33.913000000000004,33.827,0.0132,0.0132
13.11.2023 06:30:56.993 GMT-0800,33.864000000000004,33.826,0.0009,0.0132
13.11.2023 06:30:57.044 GMT-0800,33.913000000000004,33.827,0.0132,0.0132
13.11.2023 06:30:58.112 GMT-0800,33.883,33.827,0.0009,0.0132
13.11.2023 06:30:59.627 GMT-0800,33.843,33.827,0.0009,0.009
13.11.2023 06:30:59.678 GMT-0800,33.854,33.826,0.0009,0.0132
13.11.2023 06:30:59.780 GMT-0800,33.864000000000004,33.826,0.0132,0.0132
13.11.2023 06:31:00.250 GMT-0800,33.844,33.826,0.0009,0.009
13.11.2023 06:31:00.390 GMT-0800,33.844,33.816,0.0132,0.0132
13.11.2023 06:31:00.777 GMT-0800,33.844,33.756,0.0132,0.0132
13.11.2023 06:31:00.948 GMT-0800,33.844,33.756,0.009,0.0112
13.11.2023 06:31:01.069 GMT-0800,33.844,33.756,0.009,0.0112
13.11.2023 06:31:01.127 GMT-0800,33.884,33.836,0.0132,0.0132
13.11.2023 06:31:01.331 GMT-0800,33.883,33.757,0.0132,0.0132
13.11.2023 06:31:01.596 GMT-0800,33.884,33.756,0.0132,0.0112
13.11.2023 06:31:02.455 GMT-0800,33.884,33.836,0.0132,0.0112
13.11.2023 06:31:02.606 GMT-0800,33.884,33.836,0.0132,0.0132
13.11.2023 06:31:04.721 GMT-0800,33.863,33.836999999999996,0.0009,0.009
13.11.2023 06:31:04.833 GMT-0800,33.844,33.816,0.009,0.0132
13.11.2023 06:31:04.883 GMT-0800,33.863,33.817,0.0132,0.0132
13.11.2023 06:31:06.005 GMT-0800,33.863,33.817,0.0132,0.0112
13.11.2023 06:31:06.106 GMT-0800,33.844,33.826,0.0009,0.009
13.11.2023 06:31:06.157 GMT-0800,33.853,33.817,0.0132,0.0132
13.11.2023 06:31:06.258 GMT-0800,33.853,33.817,0.009,0.0112
13.11.2023 06:31:06.309 GMT-0800,33.863,33.827,0.0132,0.0132
13.11.2023 06:31:06.410 GMT-0800,33.854,33.826,0.0009,0.009
13.11.2023 06:31:06.461 GMT-0800,33.863,33.827,0.0132,0.0132
13.11.2023 06:31:06.511 GMT-0800,33.854,33.816,0.0132,0.0132
13.11.2023 06:31:06.665 GMT-0800,33.844,33.816,0.0132,0.0132
13.11.2023 06:31:06.885 GMT-0800,33.853,33.817,0.0132,0.0132
13.11.2023 06:31:06.936 GMT-0800,33.864000000000004,33.816,0.0132,0.0112
13.11.2023 06:31:07.048 GMT-0800,33.853,33.827,0.0009,0.009
13.11.2023 06:31:07.099 GMT-0800,33.853,33.817,0.0132,0.0132
13.11.2023 06:31:07.149 GMT-0800,33.864000000000004,33.826,0.0132,0.0132
13.11.2023 06:31:07.251 GMT-0800,33.864000000000004,33.836,0.0132,0.0132
13.11.2023 06:31:07.530 GMT-0800,33.863,33.827,0.0132,0.0132
13.11.2023 06:31:07.735 GMT-0800,33.853,33.827,0.0009,0.009
13.11.2023 06:31:07.847 GMT-0800,33.843,33.827,0.0009,0.009
13.11.2023 06:31:07.957 GMT-0800,33.843,33.817,0.0132,0.0132
13.11.2023 06:31:08.143 GMT-0800,33.853,33.817,0.0132,0.0132
13.11.2023 06:31:08.194 GMT-0800,33.873000000000005,33.817,0.0132,0.0132
13.11.2023 06:31:08.691 GMT-0800,33.893,33.817,0.0132,0.0132
13.11.2023 06:31:10.422 GMT-0800,33.913000000000004,33.827,0.0132,0.0132
13.11.2023 06:31:10.765 GMT-0800,33.914,33.826,0.0132,0.0112
13.11.2023 06:31:11.607 GMT-0800,33.914,33.826,0.0132,0.0132
13.11.2023 06:31:12.548 GMT-0800,33.914,33.826,0.0132,0.0112
13.11.2023 06:31:13.341 GMT-0800,33.914,33.836,0.0132,0.0112
13.11.2023 06:31:13.442 GMT-0800,33.853,33.827,0.0132,0.0132
13.11.2023 06:31:13.828 GMT-0800,33.893,33.827,0.0132,0.0132
13.11.2023 06:31:13.879 GMT-0800,33.884,33.826,0.0132,0.0132
13.11.2023 06:31:14.168 GMT-0800,33.883,33.827,0.0132,0.0112
13.11.2023 06:31:14.342 GMT-0800,33.853,33.827,0.0132,0.0132
13.11.2023 06:31:14.853 GMT-0800,33.873000000000005,33.827,0.0132,0.0132
13.11.2023 06:31:15.173 GMT-0800,33.853,33.827,0.0009,0.0132
13.11.2023 06:31:15.724 GMT-0800,33.874,33.826,0.0132,0.0132
13.11.2023 06:31:16.714 GMT-0800,33.873000000000005,33.827,0.0132,0.0112
13.11.2023 06:31:18.378 GMT-0800,33.874,33.836,0.0132,0.0112
13.11.2023 06:31:18.480 GMT-0800,33.914,33.856,0.0132,0.0132
13.11.2023 06:31:18.725 GMT-0800,33.893,33.857,0.0009,0.0112
13.11.2023 06:31:19.527 GMT-0800,33.873000000000005,33.847,0.0132,0.0132
13.11.2023 06:31:19.578 GMT-0800,33.873000000000005,33.836999999999996,0.0132,0.0132
13.11.2023 06:31:20.188 GMT-0800,33.874,33.775999999999996,0.0132,0.0132
13.11.2023 06:31:20.239 GMT-0800,33.864000000000004,33.775999999999996,0.0009,0.0132
13.11.2023 06:31:21.061 GMT-0800,33.863,33.777,0.0132,0.0112
13.11.2023 06:31:22.256 GMT-0800,33.854,33.836,0.0009,0.009
13.11.2023 06:31:22.307 GMT-0800,33.864000000000004,33.826,0.0132,0.0132
13.11.2023 06:31:22.700 GMT-0800,33.854,33.826,0.0009,0.0132
13.11.2023 06:31:22.801 GMT-0800,33.844,33.826,0.0009,0.009
13.11.2023 06:31:22.852 GMT-0800,33.843,33.817,0.0132,0.0132
13.11.2023 06:31:23.108 GMT-0800,33.843,33.777,0.0132,0.0132
13.11.2023 06:31:23.422 GMT-0800,33.853,33.777,0.0132,0.0132
13.11.2023 06:31:23.575 GMT-0800,33.834,33.775999999999996,0.0009,0.0132
13.11.2023 06:31:23.677 GMT-0800,33.824,33.796,0.0132,0.0132
13.11.2023 06:31:24.130 GMT-0800,33.813,33.797,0.0009,0.009
13.11.2023 06:31:24.185 GMT-0800,33.814,33.756,0.0132,0.0132
13.11.2023 06:31:24.381 GMT-0800,33.804,33.756,0.0009,0.0112
13.11.2023 06:31:24.437 GMT-0800,33.853,33.777,0.0132,0.0132
13.11.2023 06:31:25.182 GMT-0800,33.804,33.775999999999996,0.0009,0.009
13.11.2023 06:31:25.233 GMT-0800,33.803000000000004,33.757,0.0132,0.0132
13.11.2023 06:31:25.985 GMT-0800,33.793,33.757,0.0009,0.009
13.11.2023 06:31:26.536 GMT-0800,33.794000000000004,33.746,0.0132,0.0132
13.11.2023 06:31:28.450 GMT-0800,33.833000000000006,33.747,0.0132,0.0132
13.11.2023 06:31:29.070 GMT-0800,33.834,33.746,0.0132,0.0112
13.11.2023 06:31:30.077 GMT-0800,33.834,33.756,0.0132,0.0132
13.11.2023 06:31:31.747 GMT-0800,33.784,33.756,0.0009,0.009
13.11.2023 06:31:31.908 GMT-0800,33.783,33.747,0.0132,0.0132
13.11.2023 06:31:35.740 GMT-0800,33.784,33.746,0.009,0.0112
13.11.2023 06:31:35.791 GMT-0800,33.794000000000004,33.756,0.0132,0.0132
13.11.2023 06:31:35.852 GMT-0800,33.793,33.757,0.0132,0.0112
13.11.2023 06:31:35.953 GMT-0800,33.793,33.757,0.0132,0.0132
13.11.2023 06:31:37.289 GMT-0800,33.793,33.757,0.009,0.0112
13.11.2023 06:31:37.390 GMT-0800,33.833000000000006,33.777,0.0132,0.0132
13.11.2023 06:31:37.552 GMT-0800,33.824,33.775999999999996,0.0009,0.0132
13.11.2023 06:31:38.974 GMT-0800,33.813,33.777,0.0009,0.0132
13.11.2023 06:31:39.277 GMT-0800,33.824,33.775999999999996,0.0132,0.0132
13.11.2023 06:31:39.448 GMT-0800,33.834,33.775999999999996,0.0132,0.0132
13.11.2023 06:31:41.701 GMT-0800,33.823,33.777,0.0132,0.0132
13.11.2023 06:31:42.298 GMT-0800,33.833000000000006,33.777,0.0132,0.0132
13.11.2023 06:31:43.649 GMT-0800,33.823,33.777,0.009,0.0132
13.11.2023 06:31:43.699 GMT-0800,33.833000000000006,33.777,0.0132,0.0132
13.11.2023 06:31:44.431 GMT-0800,33.843,33.807,0.0132,0.0132
13.11.2023 06:31:45.279 GMT-0800,33.834,33.806,0.0009,0.009
13.11.2023 06:31:45.330 GMT-0800,33.833000000000006,33.797,0.009,0.0132
13.11.2023 06:31:45.381 GMT-0800,33.843,33.797,0.0132,0.0132
13.11.2023 06:31:46.734 GMT-0800,33.854,33.796,0.0132,0.0132
13.11.2023 06:31:47.370 GMT-0800,33.853,33.797,0.0132,0.0112
13.11.2023 06:31:47.768 GMT-0800,33.853,33.797,0.0132,0.0132
13.11.2023 06:31:50.888 GMT-0800,33.824,33.775999999999996,0.0132,0.0132
13.11.2023 06:31:51.031 GMT-0800,33.823,33.757,0.0132,0.0132
13.11.2023 06:31:51.082 GMT-0800,33.803000000000004,33.757,0.0132,0.0132
13.11.2023 06:31:55.389 GMT-0800,33.804,33.756,0.0132,0.0112
13.11.2023 06:31:56.642 GMT-0800,33.793,33.766999999999996,0.0009,0.0132
13.11.2023 06:31:57.465 GMT-0800,33.793,33.766999999999996,0.009,0.0112
13.11.2023 06:31:57.570 GMT-0800,33.823,33.787,0.0132,0.0132
13.11.2023 06:31:57.966 GMT-0800,33.823,33.777,0.0132,0.0132
13.11.2023 06:31:58.650 GMT-0800,33.824,33.775999999999996,0.0132,0.0112
13.11.2023 06:31:58.881 GMT-0800,33.824,33.775999999999996,0.0132,0.0132
13.11.2023 06:32:00.577 GMT-0800,33.804,33.775999999999996,0.0009,0.009
13.11.2023 06:32:00.705 GMT-0800,33.804,33.766,0.0132,0.0132
13.11.2023 06:32:01.675 GMT-0800,33.824,33.766,0.0132,0.0132
13.11.2023 06:32:01.727 GMT-0800,33.824,33.766,0.0132,0.0112
13.11.2023 06:32:02.155 GMT-0800,33.814,33.766,0.0009,0.0112
13.11.2023 06:32:02.205 GMT-0800,33.824,33.775999999999996,0.0132,0.0132
13.11.2023 06:32:02.480 GMT-0800,33.824,33.775999999999996,0.0132,0.0112
13.11.2023 06:32:03.407 GMT-0800,33.823,33.766999999999996,0.0132,0.0132
13.11.2023 06:32:03.807 GMT-0800,33.813,33.766999999999996,0.0009,0.0132
13.11.2023 06:32:03.908 GMT-0800,33.803000000000004,33.766999999999996,0.0132,0.0132
13.11.2023 06:32:04.496 GMT-0800,33.793,33.766999999999996,0.0009,0.0132
13.11.2023 06:32:06.897 GMT-0800,33.793,33.766999999999996,0.009,0.0112
13.11.2023 06:32:06.947 GMT-0800,33.823,33.777,0.0132,0.0132
13.11.2023 06:32:07.083 GMT-0800,33.813,33.777,0.0009,0.0132
13.11.2023 06:32:07.134 GMT-0800,33.813,33.766999999999996,0.0132,0.0132
13.11.2023 06:32:07.401 GMT-0800,33.804,33.766,0.0009,0.0132
13.11.2023 06:32:12.188 GMT-0800,33.784,33.766,0.0009,0.009
13.11.2023 06:32:12.239 GMT-0800,33.784,33.756,0.0132,0.0132
13.11.2023 06:32:13.114 GMT-0800,33.783,33.757,0.009,0.0112
13.11.2023 06:32:13.165 GMT-0800,33.814,33.766,0.0132,0.0132
13.11.2023 06:32:13.266 GMT-0800,33.814,33.766,0.0132,0.0112
13.11.2023 06:32:13.317 GMT-0800,33.803000000000004,33.757,0.0132,0.0132
13.11.2023 06:32:13.451 GMT-0800,33.814,33.756,0.0132,0.0132
13.11.2023 06:32:13.502 GMT-0800,33.814,33.756,0.0132,0.0112
13.11.2023 06:32:13.553 GMT-0800,33.813,33.757,0.0132,0.0132
13.11.2023 06:32:13.878 GMT-0800,33.813,33.757,0.009,0.0112
13.11.2023 06:32:13.928 GMT-0800,33.833000000000006,33.777,0.0132,0.0132
13.11.2023 06:32:14.389 GMT-0800,33.854,33.806,0.0132,0.0132
13.11.2023 06:32:15.317 GMT-0800,33.853,33.797,0.0132,0.0132
13.11.2023 06:32:16.298 GMT-0800,33.823,33.777,0.0132,0.009
13.11.2023 06:32:16.349 GMT-0800,33.824,33.756,0.0132,0.0132
13.11.2023 06:32:16.400 GMT-0800,33.814,33.756,0.0132,0.0132
13.11.2023 06:32:21.714 GMT-0800,33.803000000000004,33.757,0.0009,0.0132
13.11.2023 06:32:21.815 GMT-0800,33.813,33.757,0.0132,0.0132
13.11.2023 06:32:22.146 GMT-0800,33.813,33.757,0.009,0.0112
13.11.2023 06:32:22.196 GMT-0800,33.833000000000006,33.787,0.0132,0.0132
13.11.2023 06:32:27.275 GMT-0800,33.854,33.806,0.0132,0.0112
13.11.2023 06:32:27.326 GMT-0800,33.853,33.807,0.0132,0.0132
13.11.2023 06:32:27.458 GMT-0800,33.854,33.806,0.0132,0.0112
13.11.2023 06:32:27.509 GMT-0800,33.874,33.826,0.0132,0.0132
13.11.2023 06:32:27.610 GMT-0800,33.854,33.816,0.0132,0.0132
13.11.2023 06:32:27.776 GMT-0800,33.874,33.816,0.0132,0.0132
13.11.2023 06:32:29.541 GMT-0800,33.873000000000005,33.817,0.0132,0.0112
13.11.2023 06:32:30.273 GMT-0800,33.873000000000005,33.817,0.0132,0.0132
13.11.2023 06:32:30.330 GMT-0800,33.873000000000005,33.817,0.0132,0.0112
13.11.2023 06:32:30.701 GMT-0800,33.883,33.836999999999996,0.0132,0.0132
13.11.2023 06:32:31.200 GMT-0800,33.894,33.836,0.0132,0.0132
13.11.2023 06:32:31.904 GMT-0800,33.893,33.836999999999996,0.0132,0.0112
13.11.2023 06:32:32.120 GMT-0800,33.894,33.836,0.0132,0.0132
13.11.2023 06:32:32.171 GMT-0800,33.893,33.847,0.0132,0.0132
13.11.2023 06:32:32.512 GMT-0800,33.894,33.836,0.0132,0.0132
13.11.2023 06:32:33.148 GMT-0800,33.894,33.836,0.0132,0.0112
13.11.2023 06:32:33.507 GMT-0800,33.893,33.836999999999996,0.0132,0.0132
13.11.2023 06:32:33.752 GMT-0800,33.873000000000005,33.836999999999996,0.0009,0.0132
13.11.2023 06:32:34.256 GMT-0800,33.884,33.836,0.0132,0.0132
13.11.2023 06:32:34.306 GMT-0800,33.874,33.836,0.009,0.0132
13.11.2023 06:32:34.357 GMT-0800,33.883,33.836999999999996,0.0132,0.0132
13.11.2023 06:32:34.408 GMT-0800,33.874,33.836,0.0132,0.0132
13.11.2023 06:32:34.546 GMT-0800,33.883,33.836999999999996,0.0132,0.0132
13.11.2023 06:32:34.606 GMT-0800,33.874,33.836,0.0009,0.0132
13.11.2023 06:32:34.707 GMT-0800,33.884,33.846,0.0132,0.009
13.11.2023 06:32:35.011 GMT-0800,33.883,33.836999999999996,0.0132,0.0132
13.11.2023 06:32:35.316 GMT-0800,33.894,33.836,0.0132,0.0132
13.11.2023 06:32:35.624 GMT-0800,33.883,33.836999999999996,0.0009,0.0132
13.11.2023 06:32:35.725 GMT-0800,33.873000000000005,33.817,0.0132,0.0132
13.11.2023 06:32:39.573 GMT-0800,33.873000000000005,33.817,0.0132,0.0112
13.11.2023 06:32:43.002 GMT-0800,33.894,33.846,0.0132,0.0132
13.11.2023 06:32:43.943 GMT-0800,33.894,33.836,0.0132,0.0132
13.11.2023 06:32:46.959 GMT-0800,33.894,33.836,0.009,0.0112
13.11.2023 06:32:47.010 GMT-0800,33.914,33.856,0.0132,0.0132
13.11.2023 06:32:48.136 GMT-0800,33.883,33.857,0.0009,0.009
13.11.2023 06:32:48.237 GMT-0800,33.883,33.847,0.0132,0.0132
13.11.2023 06:32:48.905 GMT-0800,33.893,33.847,0.0132,0.0132
13.11.2023 06:32:49.554 GMT-0800,33.894,33.846,0.0132,0.0112
13.11.2023 06:32:51.158 GMT-0800,33.894,33.856,0.0132,0.0112
13.11.2023 06:32:51.271 GMT-0800,33.883,33.857,0.009,0.0132
13.11.2023 06:32:51.321 GMT-0800,33.894,33.856,0.0132,0.0132
13.11.2023 06:32:53.876 GMT-0800,33.893,33.857,0.0132,0.0112
13.11.2023 06:32:55.380 GMT-0800,33.884,33.866,0.0132,0.0132
13.11.2023 06:32:55.495 GMT-0800,33.893,33.867,0.0132,0.0132
13.11.2023 06:32:56.858 GMT-0800,33.904,33.866,0.0132,0.0132
13.11.2023 06:32:56.915 GMT-0800,33.894,33.866,0.0009,0.0132
13.11.2023 06:32:59.505 GMT-0800,33.904,33.866,0.0132,0.0132
13.11.2023 06:33:01.512 GMT-0800,33.893,33.867,0.0009,0.0132
13.11.2023 06:33:01.720 GMT-0800,33.883,33.867,0.0009,0.009
13.11.2023 06:33:01.771 GMT-0800,33.893,33.867,0.0132,0.0132
13.11.2023 06:33:03.659 GMT-0800,33.883,33.867,0.0009,0.009
13.11.2023 06:33:03.760 GMT-0800,33.883,33.847,0.0132,0.0132
13.11.2023 06:33:05.655 GMT-0800,33.884,33.836,0.0132,0.0132
13.11.2023 06:33:07.131 GMT-0800,33.884,33.836,0.0132,0.0112
13.11.2023 06:33:07.577 GMT-0800,33.893,33.836999999999996,0.0132,0.0132
13.11.2023 06:33:09.987 GMT-0800,33.894,33.836,0.0132,0.0112
13.11.2023 06:33:10.088 GMT-0800,33.894,33.836,0.0132,0.0132
13.11.2023 06:33:11.025 GMT-0800,33.884,33.836,0.0009,0.0132
13.11.2023 06:33:15.457 GMT-0800,33.874,33.836,0.0009,0.0112
13.11.2023 06:33:15.613 GMT-0800,33.884,33.846,0.0132,0.0132
13.11.2023 06:33:16.018 GMT-0800,33.874,33.846,0.0009,0.009
13.11.2023 06:33:16.069 GMT-0800,33.874,33.836,0.0132,0.0132
13.11.2023 06:33:16.228 GMT-0800,33.873000000000005,33.817,0.0132,0.0132
13.11.2023 06:33:16.454 GMT-0800,33.874,33.816,0.0132,0.0112
13.11.2023 06:33:16.505 GMT-0800,33.874,33.816,0.0132,0.0132
13.11.2023 06:33:17.316 GMT-0800,33.863,33.817,0.0132,0.0132
13.11.2023 06:33:17.515 GMT-0800,33.853,33.817,0.0009,0.0132
13.11.2023 06:33:20.120 GMT-0800,33.854,33.806,0.0132,0.0132
13.11.2023 06:33:20.521 GMT-0800,33.853,33.807,0.0132,0.0112
13.11.2023 06:33:22.460 GMT-0800,33.844,33.816,0.0009,0.009
13.11.2023 06:33:22.561 GMT-0800,33.833000000000006,33.807,0.0132,0.0132
13.11.2023 06:33:22.745 GMT-0800,33.833000000000006,33.797,0.0132,0.0132
13.11.2023 06:33:23.274 GMT-0800,33.834,33.796,0.009,0.0112
13.11.2023 06:33:23.339 GMT-0800,33.873000000000005,33.827,0.0132,0.0132
13.11.2023 06:33:24.063 GMT-0800,33.874,33.816,0.0132,0.0132
13.11.2023 06:33:24.544 GMT-0800,33.874,33.816,0.0132,0.0112
13.11.2023 06:33:24.823 GMT-0800,33.874,33.816,0.0132,0.0132
13.11.2023 06:33:25.923 GMT-0800,33.873000000000005,33.817,0.0132,0.0112
13.11.2023 06:33:26.030 GMT-0800,33.884,33.846,0.0132,0.0132
13.11.2023 06:33:26.355 GMT-0800,33.894,33.846,0.0132,0.0132
13.11.2023 06:33:28.437 GMT-0800,33.893,33.836999999999996,0.0132,0.0132
13.11.2023 06:33:30.449 GMT-0800,33.893,33.836999999999996,0.0132,0.0112
13.11.2023 06:33:30.642 GMT-0800,33.894,33.836,0.0132,0.0132
13.11.2023 06:33:30.750 GMT-0800,33.894,33.836,0.0132,0.0112
13.11.2023 06:33:30.982 GMT-0800,33.893,33.836999999999996,0.0132,0.0132
13.11.2023 06:33:31.117 GMT-0800,33.894,33.836,0.0132,0.0112
13.11.2023 06:33:31.251 GMT-0800,33.884,33.846,0.0009,0.0132
13.11.2023 06:33:31.450 GMT-0800,33.873000000000005,33.847,0.0009,0.009
13.11.2023 06:33:31.501 GMT-0800,33.884,33.836,0.0132,0.0132
13.11.2023 06:33:31.626 GMT-0800,33.873000000000005,33.836999999999996,0.0009,0.0132
13.11.2023 06:33:32.877 GMT-0800,33.873000000000005,33.827,0.0132,0.0132
13.11.2023 06:33:35.061 GMT-0800,33.874,33.826,0.0132,0.0112
13.11.2023 06:33:35.600 GMT-0800,33.874,33.826,0.0132,0.0132
13.11.2023 06:33:37.385 GMT-0800,33.873000000000005,33.827,0.0132,0.0112
13.11.2023 06:33:39.573 GMT-0800,33.863,33.836999999999996,0.0009,0.0132
13.11.2023 06:33:40.035 GMT-0800,33.863,33.836999999999996,0.009,0.0112
13.11.2023 06:33:40.086 GMT-0800,33.873000000000005,33.847,0.0132,0.0132
13.11.2023 06:33:45.846 GMT-0800,33.874,33.846,0.009,0.0112
13.11.2023 06:33:45.897 GMT-0800,33.893,33.867,0.0132,0.0132
13.11.2023 06:33:45.948 GMT-0800,33.883,33.857,0.0132,0.0132
13.11.2023 06:33:46.148 GMT-0800,33.893,33.857,0.0132,0.0132
13.11.2023 06:33:52.061 GMT-0800,33.893,33.857,0.0132,0.0112
13.11.2023 06:33:55.746 GMT-0800,33.874,33.866,0.0009,0.009
13.11.2023 06:33:55.797 GMT-0800,33.883,33.867,0.0132,0.0132
13.11.2023 06:33:55.898 GMT-0800,33.893,33.867,0.0132,0.0132
13.11.2023 06:33:58.649 GMT-0800,33.873000000000005,33.867,0.0009,0.009
13.11.2023 06:33:58.699 GMT-0800,33.884,33.866,0.0009,0.009
13.11.2023 06:33:58.750 GMT-0800,33.884,33.846,0.0132,0.0132
13.11.2023 06:33:59.143 GMT-0800,33.893,33.847,0.0132,0.0132
13.11.2023 06:34:02.788 GMT-0800,33.894,33.846,0.0132,0.0112
13.11.2023 06:34:02.964 GMT-0800,33.894,33.866,0.0132,0.0132
13.11.2023 06:34:05.535 GMT-0800,33.883,33.867,0.0009,0.009
13.11.2023 06:34:05.586 GMT-0800,33.893,33.867,0.0132,0.009
13.11.2023 06:34:05.692 GMT-0800,33.894,33.836,0.0132,0.0132
13.11.2023 06:34:05.749 GMT-0800,33.894,33.836,0.0132,0.0112
13.11.2023 06:34:05.800 GMT-0800,33.884,33.836,0.0132,0.0132
13.11.2023 06:34:06.180 GMT-0800,33.884,33.836,0.0132,0.0112
13.11.2023 06:34:06.231 GMT-0800,33.884,33.836,0.0132,0.0132
13.11.2023 06:34:06.532 GMT-0800,33.893,33.836999999999996,0.0132,0.0132
13.11.2023 06:34:11.256 GMT-0800,33.883,33.836999999999996,0.0009,0.0132
13.11.2023 06:34:11.481 GMT-0800,33.893,33.836999999999996,0.0132,0.0132
13.11.2023 06:34:12.971 GMT-0800,33.894,33.836,0.0132,0.0112
13.11.2023 06:34:14.350 GMT-0800,33.894,33.836,0.0132,0.0132
13.11.2023 06:34:15.762 GMT-0800,33.873000000000005,33.836999999999996,0.0009,0.009
13.11.2023 06:34:15.864 GMT-0800,33.853,33.827,0.0132,0.0132
13.11.2023 06:34:21.344 GMT-0800,33.853,33.827,0.0132,0.0112
13.11.2023 06:34:24.265 GMT-0800,33.853,33.836999999999996,0.009,0.0112
13.11.2023 06:34:24.316 GMT-0800,33.874,33.846,0.0132,0.0132
13.11.2023 06:34:24.752 GMT-0800,33.884,33.846,0.0132,0.0132
13.11.2023 06:34:24.901 GMT-0800,33.874,33.846,0.0009,0.0132
13.11.2023 06:34:31.246 GMT-0800,33.873000000000005,33.847,0.009,0.0112
13.11.2023 06:34:31.296 GMT-0800,33.883,33.857,0.0132,0.0132
13.11.2023 06:34:31.678 GMT-0800,33.894,33.856,0.0132,0.0132
13.11.2023 06:34:32.815 GMT-0800,33.874,33.856,0.0009,0.0132
13.11.2023 06:34:33.549 GMT-0800,33.894,33.856,0.0132,0.0132
13.11.2023 06:34:41.700 GMT-0800,33.873000000000005,33.857,0.0009,0.009
13.11.2023 06:34:41.751 GMT-0800,33.863,33.836999999999996,0.0132,0.0132
13.11.2023 06:34:42.589 GMT-0800,33.874,33.836,0.0132,0.0132
13.11.2023 06:34:45.978 GMT-0800,33.854,33.836,0.0009,0.0132
13.11.2023 06:34:52.609 GMT-0800,33.844,33.826,0.0132,0.0132
13.11.2023 06:34:52.660 GMT-0800,33.843,33.817,0.0132,0.0132
13.11.2023 06:34:52.711 GMT-0800,33.843,33.807,0.0132,0.0132
13.11.2023 06:34:52.874 GMT-0800,33.843,33.807,0.0132,0.0112
13.11.2023 06:34:55.655 GMT-0800,33.844,33.816,0.009,0.0112
13.11.2023 06:34:55.705 GMT-0800,33.864000000000004,33.826,0.0132,0.0132
13.11.2023 06:34:55.996 GMT-0800,33.864000000000004,33.816,0.0132,0.0132
13.11.2023 06:34:56.740 GMT-0800,33.854,33.816,0.0009,0.0132
13.11.2023 06:34:57.225 GMT-0800,33.843,33.817,0.0009,0.0132
13.11.2023 06:34:59.765 GMT-0800,33.844,33.806,0.0132,0.0132
13.11.2023 06:35:00.089 GMT-0800,33.843,33.807,0.0132,0.0112
13.11.2023 06:35:00.937 GMT-0800,33.834,33.816,0.0009,0.009
13.11.2023 06:35:01.039 GMT-0800,33.833000000000006,33.797,0.0132,0.0132
13.11.2023 06:35:01.347 GMT-0800,33.834,33.796,0.0132,0.0112
13.11.2023 06:35:02.416 GMT-0800,33.843,33.807,0.0132,0.0132
13.11.2023 06:35:02.832 GMT-0800,33.834,33.806,0.0009,0.009
13.11.2023 06:35:02.883 GMT-0800,33.833000000000006,33.797,0.0132,0.0132
13.11.2023 06:35:02.933 GMT-0800,33.834,33.796,0.009,0.0112
13.11.2023 06:35:02.984 GMT-0800,33.843,33.807,0.0132,0.0132
13.11.2023 06:35:03.070 GMT-0800,33.815,33.806,0.0009,0.009
13.11.2023 06:35:03.121 GMT-0800,33.833000000000006,33.797,0.0132,0.0132
13.11.2023 06:35:03.842 GMT-0800,33.833000000000006,33.777,0.0132,0.0132
13.11.2023 06:35:04.626 GMT-0800,33.834,33.775999999999996,0.0132,0.0112
13.11.2023 06:35:04.865 GMT-0800,33.843,33.807,0.0132,0.0132
13.11.2023 06:35:05.081 GMT-0800,33.844,33.806,0.0132,0.0112
13.11.2023 06:35:05.455 GMT-0800,33.843,33.797,0.0132,0.0132
13.11.2023 06:35:06.159 GMT-0800,33.834,33.796,0.0009,0.0132
13.11.2023 06:35:07.204 GMT-0800,33.823,33.797,0.0009,0.009
13.11.2023 06:35:07.255 GMT-0800,33.823,33.777,0.0132,0.0132
13.11.2023 06:35:07.867 GMT-0800,33.824,33.775999999999996,0.0132,0.0112
13.11.2023 06:35:08.942 GMT-0800,33.813,33.797,0.0009,0.0132
13.11.2023 06:35:08.993 GMT-0800,33.814,33.786,0.0132,0.0132
13.11.2023 06:35:09.095 GMT-0800,33.814,33.775999999999996,0.0132,0.0132
13.11.2023 06:35:09.238 GMT-0800,33.824,33.775999999999996,0.0132,0.0132
13.11.2023 06:35:10.608 GMT-0800,33.804,33.775999999999996,0.0009,0.0132
13.11.2023 06:35:10.659 GMT-0800,33.803000000000004,33.757,0.0132,0.0132
13.11.2023 06:35:11.103 GMT-0800,33.813,33.757,0.0132,0.0132
13.11.2023 06:35:11.252 GMT-0800,33.814,33.756,0.0132,0.0112
13.11.2023 06:35:14.426 GMT-0800,33.814,33.786,0.0132,0.0132
13.11.2023 06:35:14.604 GMT-0800,33.824,33.786,0.0132,0.0132
13.11.2023 06:35:14.677 GMT-0800,33.823,33.787,0.0132,0.0112
13.11.2023 06:35:15.180 GMT-0800,33.824,33.786,0.0132,0.0132
13.11.2023 06:35:15.382 GMT-0800,33.823,33.777,0.0132,0.0132
13.11.2023 06:35:17.811 GMT-0800,33.823,33.777,0.0132,0.0112
13.11.2023 06:35:18.121 GMT-0800,33.823,33.777,0.0132,0.0132
13.11.2023 06:35:18.186 GMT-0800,33.823,33.777,0.0132,0.0112
13.11.2023 06:35:18.288 GMT-0800,33.823,33.787,0.0132,0.0112
13.11.2023 06:35:18.338 GMT-0800,33.823,33.797,0.0132,0.0132
13.11.2023 06:35:19.055 GMT-0800,33.824,33.775999999999996,0.0132,0.0132
13.11.2023 06:35:19.622 GMT-0800,33.814,33.775999999999996,0.0009,0.0132
13.11.2023 06:35:19.723 GMT-0800,33.824,33.786,0.0132,0.0132
13.11.2023 06:35:20.189 GMT-0800,33.814,33.775999999999996,0.0009,0.0132
13.11.2023 06:35:20.946 GMT-0800,33.814,33.756,0.0132,0.0132
13.11.2023 06:35:21.702 GMT-0800,33.804,33.756,0.0009,0.0132
13.11.2023 06:35:21.803 GMT-0800,33.793,33.766999999999996,0.0132,0.0132
13.11.2023 06:35:21.905 GMT-0800,33.793,33.757,0.0132,0.0132
13.11.2023 06:35:22.106 GMT-0800,33.794000000000004,33.756,0.0132,0.0112
13.11.2023 06:35:22.326 GMT-0800,33.793,33.757,0.0132,0.0132
13.11.2023 06:35:24.011 GMT-0800,33.783,33.757,0.0009,0.0132
13.11.2023 06:35:24.213 GMT-0800,33.794000000000004,33.756,0.0132,0.0132
13.11.2023 06:35:24.634 GMT-0800,33.783,33.757,0.0009,0.0132
13.11.2023 06:35:26.066 GMT-0800,33.783,33.747,0.0132,0.0132
13.11.2023 06:35:26.176 GMT-0800,33.783,33.747,0.0132,0.0112
13.11.2023 06:35:27.293 GMT-0800,33.783,33.757,0.009,0.0112
13.11.2023 06:35:27.345 GMT-0800,33.794000000000004,33.775999999999996,0.0132,0.0132
13.11.2023 06:35:28.636 GMT-0800,33.794000000000004,33.756,0.0132,0.0132
13.11.2023 06:35:28.686 GMT-0800,33.793,33.766999999999996,0.0132,0.0132
13.11.2023 06:35:28.907 GMT-0800,33.793,33.766999999999996,0.0132,0.0112
13.11.2023 06:35:29.010 GMT-0800,33.794000000000004,33.775999999999996,0.009,0.0112
13.11.2023 06:35:29.061 GMT-0800,33.814,33.786,0.0132,0.0132
13.11.2023 06:35:29.244 GMT-0800,33.823,33.787,0.0132,0.0132
13.11.2023 06:35:30.006 GMT-0800,33.813,33.787,0.0009,0.0132
13.11.2023 06:35:30.578 GMT-0800,33.804,33.775999999999996,0.0132,0.0132
13.11.2023 06:35:32.086 GMT-0800,33.804,33.766,0.0132,0.0132
13.11.2023 06:35:33.050 GMT-0800,33.803000000000004,33.766999999999996,0.0132,0.0112
13.11.2023 06:35:33.101 GMT-0800,33.803000000000004,33.766999999999996,0.0132,0.0132
13.11.2023 06:35:33.213 GMT-0800,33.804,33.766,0.0132,0.0112
13.11.2023 06:35:33.877 GMT-0800,33.804,33.766,0.0132,0.0132
13.11.2023 06:35:34.142 GMT-0800,33.804,33.766,0.0132,0.0112
13.11.2023 06:35:35.227 GMT-0800,33.804,33.766,0.0132,0.0132
13.11.2023 06:35:36.329 GMT-0800,33.804,33.756,0.0132,0.0132
13.11.2023 06:35:37.015 GMT-0800,33.794000000000004,33.756,0.0009,0.0132
13.11.2023 06:35:37.254 GMT-0800,33.804,33.756,0.0132,0.0132
13.11.2023 06:35:38.679 GMT-0800,33.784,33.756,0.0009,0.009
13.11.2023 06:35:38.730 GMT-0800,33.803000000000004,33.757,0.0132,0.0132
13.11.2023 06:35:38.831 GMT-0800,33.794000000000004,33.756,0.0132,0.0132
13.11.2023 06:35:42.728 GMT-0800,33.793,33.747,0.0132,0.0132
13.11.2023 06:35:43.034 GMT-0800,33.794000000000004,33.746,0.0132,0.0112
13.11.2023 06:35:43.181 GMT-0800,33.783,33.757,0.0009,0.009
13.11.2023 06:35:43.232 GMT-0800,33.783,33.747,0.0132,0.0132
13.11.2023 06:35:43.373 GMT-0800,33.783,33.747,0.0132,0.0112
13.11.2023 06:35:43.668 GMT-0800,33.784,33.746,0.0132,0.0132
13.11.2023 06:35:43.816 GMT-0800,33.783,33.747,0.0132,0.0112
13.11.2023 06:35:44.923 GMT-0800,33.783,33.747,0.0132,0.0132
13.11.2023 06:35:45.693 GMT-0800,33.763000000000005,33.747,0.0009,0.0132
13.11.2023 06:35:46.144 GMT-0800,33.763000000000005,33.717,0.0132,0.0132
13.11.2023 06:35:48.290 GMT-0800,33.754000000000005,33.716,0.0009,0.0132
13.11.2023 06:35:48.442 GMT-0800,33.764,33.716,0.0132,0.0112
13.11.2023 06:35:50.123 GMT-0800,33.764,33.746,0.0132,0.0132
13.11.2023 06:35:55.972 GMT-0800,33.784,33.756,0.0132,0.0132
13.11.2023 06:35:56.314 GMT-0800,33.794000000000004,33.756,0.0132,0.0132
13.11.2023 06:35:57.147 GMT-0800,33.784,33.756,0.0132,0.0132
13.11.2023 06:35:57.370 GMT-0800,33.793,33.757,0.0132,0.0132
13.11.2023 06:35:57.727 GMT-0800,33.774,33.756,0.0009,0.0132
13.11.2023 06:36:01.223 GMT-0800,33.773,33.757,0.009,0.0112
13.11.2023 06:36:01.324 GMT-0800,33.794000000000004,33.766,0.0132,0.0132
13.11.2023 06:36:01.533 GMT-0800,33.793,33.766999999999996,0.0132,0.0112
13.11.2023 06:36:04.413 GMT-0800,33.794000000000004,33.766,0.0132,0.0132
13.11.2023 06:36:06.169 GMT-0800,33.773,33.766999999999996,0.0009,0.009
13.11.2023 06:36:06.220 GMT-0800,33.783,33.757,0.0132,0.0132
13.11.2023 06:36:06.670 GMT-0800,33.773,33.757,0.0009,0.009
13.11.2023 06:36:06.771 GMT-0800,33.773,33.737,0.0132,0.0132
13.11.2023 06:36:08.297 GMT-0800,33.784,33.736,0.0132,0.0132
13.11.2023 06:36:08.461 GMT-0800,33.774,33.736,0.0009,0.0132
13.11.2023 06:36:08.759 GMT-0800,33.773,33.737,0.0132,0.0112
13.11.2023 06:36:08.811 GMT-0800,33.784,33.746,0.0132,0.0132
13.11.2023 06:36:09.506 GMT-0800,33.783,33.737,0.0132,0.0132
13.11.2023 06:36:09.871 GMT-0800,33.774,33.736,0.0009,0.0132
13.11.2023 06:36:10.575 GMT-0800,33.783,33.737,0.0132,0.0132
13.11.2023 06:36:10.923 GMT-0800,33.763000000000005,33.737,0.0009,0.0132
13.11.2023 06:36:11.481 GMT-0800,33.764,33.746,0.0132,0.0132
13.11.2023 06:36:12.096 GMT-0800,33.764,33.736,0.0132,0.0132
13.11.2023 06:36:16.703 GMT-0800,33.743,33.727,0.0132,0.0132
13.11.2023 06:36:16.838 GMT-0800,33.744,33.716,0.0132,0.0132
13.11.2023 06:36:18.242 GMT-0800,33.743,33.717,0.0132,0.0112
13.11.2023 06:36:18.943 GMT-0800,33.744,33.716,0.0132,0.0132
13.11.2023 06:36:20.263 GMT-0800,33.743,33.717,0.0132,0.0112
13.11.2023 06:36:21.548 GMT-0800,33.744,33.726,0.009,0.0112
13.11.2023 06:36:21.599 GMT-0800,33.763000000000005,33.737,0.0132,0.0132
13.11.2023 06:36:21.650 GMT-0800,33.764,33.746,0.0132,0.0132
13.11.2023 06:36:23.728 GMT-0800,33.753,33.717,0.0132,0.0132
13.11.2023 06:36:23.785 GMT-0800,33.744,33.716,0.0009,0.0132
13.11.2023 06:36:23.958 GMT-0800,33.734,33.706,0.0132,0.0132
13.11.2023 06:36:24.623 GMT-0800,33.743,33.707,0.0132,0.0132
13.11.2023 06:36:24.674 GMT-0800,33.733000000000004,33.707,0.0009,0.0132
13.11.2023 06:36:24.775 GMT-0800,33.743,33.707,0.0132,0.0132
13.11.2023 06:36:25.055 GMT-0800,33.743,33.707,0.0132,0.0112
13.11.2023 06:36:25.157 GMT-0800,33.743,33.707,0.0132,0.0132
13.11.2023 06:36:25.564 GMT-0800,33.734,33.706,0.0009,0.009
13.11.2023 06:36:25.614 GMT-0800,33.734,33.696,0.0132,0.0132
13.11.2023 06:36:26.001 GMT-0800,33.743,33.707,0.0132,0.0132
13.11.2023 06:36:26.291 GMT-0800,33.744,33.696,0.0132,0.0132
13.11.2023 06:36:26.613 GMT-0800,33.753,33.696999999999996,0.0132,0.0132
13.11.2023 06:36:26.929 GMT-0800,33.743,33.696999999999996,0.0009,0.0132
13.11.2023 06:36:27.312 GMT-0800,33.744,33.696,0.009,0.0112
13.11.2023 06:36:27.362 GMT-0800,33.753,33.717,0.0132,0.0132
13.11.2023 06:36:27.461 GMT-0800,33.743,33.717,0.0009,0.0112
13.11.2023 06:36:27.511 GMT-0800,33.743,33.717,0.0132,0.0132
13.11.2023 06:36:27.632 GMT-0800,33.743,33.707,0.0132,0.0132
13.11.2023 06:36:29.040 GMT-0800,33.734,33.706,0.0009,0.0112
13.11.2023 06:36:29.574 GMT-0800,33.743,33.717,0.0132,0.0132
13.11.2023 06:36:29.694 GMT-0800,33.753,33.717,0.0132,0.0132
13.11.2023 06:36:29.745 GMT-0800,33.753,33.727,0.0132,0.0132
13.11.2023 06:36:29.909 GMT-0800,33.764,33.726,0.0132,0.0132
13.11.2023 06:36:30.451 GMT-0800,33.764,33.726,0.0132,0.0112
13.11.2023 06:36:30.645 GMT-0800,33.763000000000005,33.737,0.0132,0.0112
13.11.2023 06:36:30.696 GMT-0800,33.763000000000005,33.727,0.0132,0.0132
13.11.2023 06:36:31.233 GMT-0800,33.764,33.716,0.0132,0.0132
13.11.2023 06:36:31.579 GMT-0800,33.763000000000005,33.727,0.0132,0.009
13.11.2023 06:36:31.688 GMT-0800,33.764,33.716,0.0132,0.0132
13.11.2023 06:36:31.854 GMT-0800,33.764,33.716,0.0132,0.0112
13.11.2023 06:36:32.058 GMT-0800,33.764,33.746,0.0132,0.009
13.11.2023 06:36:32.109 GMT-0800,33.763000000000005,33.737,0.0132,0.0132
13.11.2023 06:36:32.210 GMT-0800,33.763000000000005,33.747,0.0132,0.0132
13.11.2023 06:36:32.311 GMT-0800,33.764,33.736,0.0132,0.0132
13.11.2023 06:36:32.734 GMT-0800,33.764,33.746,0.0132,0.0132
13.11.2023 06:36:33.394 GMT-0800,33.763000000000005,33.737,0.0132,0.0132
13.11.2023 06:36:35.591 GMT-0800,33.763000000000005,33.717,0.0132,0.0132
13.11.2023 06:36:36.397 GMT-0800,33.753,33.717,0.0009,0.0112
13.11.2023 06:36:36.448 GMT-0800,33.764,33.726,0.0132,0.0132
13.11.2023 06:36:36.583 GMT-0800,33.764,33.726,0.0132,0.0112
13.11.2023 06:36:38.016 GMT-0800,33.754000000000005,33.716,0.0132,0.0132
13.11.2023 06:36:39.745 GMT-0800,33.743,33.717,0.0009,0.009
13.11.2023 06:36:39.795 GMT-0800,33.743,33.707,0.0132,0.0132
13.11.2023 06:36:40.038 GMT-0800,33.743,33.707,0.009,0.0112
13.11.2023 06:36:40.139 GMT-0800,33.753,33.717,0.0132,0.0132
13.11.2023 06:36:40.300 GMT-0800,33.734,33.706,0.009,0.0112
13.11.2023 06:36:40.353 GMT-0800,33.734,33.706,0.009,0.0132
13.11.2023 06:36:40.404 GMT-0800,33.744,33.706,0.0132,0.0132
13.11.2023 06:36:40.551 GMT-0800,33.744,33.706,0.0132,0.0112
13.11.2023 06:36:40.913 GMT-0800,33.753,33.717,0.0132,0.0132
13.11.2023 06:36:41.056 GMT-0800,33.744,33.716,0.0009,0.0132
13.11.2023 06:36:41.183 GMT-0800,33.754000000000005,33.726,0.0132,0.0132
13.11.2023 06:36:42.433 GMT-0800,33.754000000000005,33.716,0.0132,0.0132
13.11.2023 06:36:42.484 GMT-0800,33.753,33.727,0.0132,0.0132
13.11.2023 06:36:42.871 GMT-0800,33.754000000000005,33.716,0.0132,0.0132
13.11.2023 06:36:43.186 GMT-0800,33.753,33.717,0.0132,0.0112
13.11.2023 06:36:44.330 GMT-0800,33.754000000000005,33.726,0.0132,0.0112
13.11.2023 06:36:45.257 GMT-0800,33.744,33.735,0.0009,0.009
13.11.2023 06:36:45.359 GMT-0800,33.744,33.716,0.0132,0.0132
13.11.2023 06:36:45.409 GMT-0800,33.734,33.706,0.0132,0.0132
13.11.2023 06:36:45.460 GMT-0800,33.743,33.707,0.0132,0.0132
13.11.2023 06:36:46.393 GMT-0800,33.733000000000004,33.707,0.0132,0.0132
13.11.2023 06:36:46.513 GMT-0800,33.743,33.707,0.0132,0.0132
13.11.2023 06:36:46.790 GMT-0800,33.754000000000005,33.706,0.0132,0.0132
13.11.2023 06:36:47.151 GMT-0800,33.753,33.707,0.0132,0.0112
13.11.2023 06:36:47.740 GMT-0800,33.743,33.717,0.0009,0.0132
13.11.2023 06:36:47.842 GMT-0800,33.743,33.707,0.0132,0.0132
13.11.2023 06:36:48.051 GMT-0800,33.744,33.706,0.0132,0.0112
13.11.2023 06:36:48.153 GMT-0800,33.743,33.707,0.0132,0.0132
13.11.2023 06:36:48.331 GMT-0800,33.754000000000005,33.716,0.0132,0.0132
13.11.2023 06:36:50.240 GMT-0800,33.743,33.717,0.0009,0.0132
13.11.2023 06:36:50.291 GMT-0800,33.743,33.707,0.0132,0.0132
13.11.2023 06:36:50.474 GMT-0800,33.753,33.717,0.0132,0.0132
13.11.2023 06:36:50.575 GMT-0800,33.743,33.707,0.0132,0.0132
13.11.2023 06:36:50.677 GMT-0800,33.744,33.716,0.0132,0.0132
13.11.2023 06:36:50.805 GMT-0800,33.753,33.717,0.0132,0.0132
13.11.2023 06:36:50.855 GMT-0800,33.754000000000005,33.716,0.0132,0.0112
13.11.2023 06:36:51.539 GMT-0800,33.754000000000005,33.716,0.0132,0.0132
13.11.2023 06:36:54.141 GMT-0800,33.743,33.717,0.0009,0.0132
13.11.2023 06:36:54.242 GMT-0800,33.743,33.707,0.0132,0.0132
13.11.2023 06:36:54.293 GMT-0800,33.743,33.717,0.0132,0.0132
13.11.2023 06:36:54.744 GMT-0800,33.744,33.706,0.0132,0.0132
13.11.2023 06:36:54.799 GMT-0800,33.744,33.706,0.0132,0.0112
13.11.2023 06:36:55.740 GMT-0800,33.744,33.706,0.0132,0.0132
13.11.2023 06:36:55.828 GMT-0800,33.743,33.707,0.0132,0.0112
13.11.2023 06:36:57.555 GMT-0800,33.744,33.706,0.0132,0.0132
13.11.2023 06:36:57.621 GMT-0800,33.744,33.706,0.0132,0.0112
13.11.2023 06:36:58.287 GMT-0800,33.744,33.716,0.0132,0.0112
13.11.2023 06:36:59.348 GMT-0800,33.743,33.717,0.0132,0.0132
13.11.2023 06:37:03.863 GMT-0800,33.743,33.717,0.0132,0.0112
13.11.2023 06:37:04.463 GMT-0800,33.743,33.707,0.0132,0.0132
13.11.2023 06:37:04.514 GMT-0800,33.743,33.707,0.0132,0.0112
13.11.2023 06:37:04.736 GMT-0800,33.733000000000004,33.717,0.0132,0.0132
13.11.2023 06:37:05.223 GMT-0800,33.734,33.706,0.0132,0.0132
13.11.2023 06:37:05.528 GMT-0800,33.733000000000004,33.707,0.009,0.0112
13.11.2023 06:37:05.579 GMT-0800,33.744,33.716,0.0132,0.0132
13.11.2023 06:37:05.859 GMT-0800,33.744,33.716,0.0132,0.0112
13.11.2023 06:37:10.448 GMT-0800,33.753,33.737,0.0132,0.0132
13.11.2023 06:37:10.552 GMT-0800,33.753,33.727,0.0132,0.0132
13.11.2023 06:37:10.740 GMT-0800,33.754000000000005,33.726,0.0132,0.0112
13.11.2023 06:37:14.483 GMT-0800,33.744,33.735,0.0009,0.009
13.11.2023 06:37:14.584 GMT-0800,33.743,33.717,0.0132,0.0132
13.11.2023 06:37:14.910 GMT-0800,33.744,33.706,0.0132,0.0132
13.11.2023 06:37:14.963 GMT-0800,33.733000000000004,33.707,0.0009,0.0132
13.11.2023 06:37:15.388 GMT-0800,33.753,33.707,0.0132,0.0132
13.11.2023 06:37:15.439 GMT-0800,33.744,33.706,0.0009,0.009
13.11.2023 06:37:15.491 GMT-0800,33.743,33.696999999999996,0.0132,0.0132
13.11.2023 06:37:15.631 GMT-0800,33.754000000000005,33.696,0.0132,0.0132
13.11.2023 06:37:15.773 GMT-0800,33.733000000000004,33.696999999999996,0.0009,0.0132
13.11.2023 06:37:15.874 GMT-0800,33.723,33.696999999999996,0.0009,0.0132
13.11.2023 06:37:16.264 GMT-0800,33.724000000000004,33.696,0.0132,0.0112
13.11.2023 06:37:16.315 GMT-0800,33.723,33.696999999999996,0.0132,0.0132
13.11.2023 06:37:17.321 GMT-0800,33.713,33.696999999999996,0.0009,0.0132
13.11.2023 06:37:17.422 GMT-0800,33.733000000000004,33.696999999999996,0.0132,0.0132
13.11.2023 06:37:17.864 GMT-0800,33.734,33.696,0.009,0.0112
13.11.2023 06:37:17.915 GMT-0800,33.744,33.706,0.0132,0.0132
13.11.2023 06:37:18.554 GMT-0800,33.733000000000004,33.696999999999996,0.0009,0.0112
13.11.2023 06:37:20.247 GMT-0800,33.723,33.707,0.0009,0.0132
13.11.2023 06:37:20.506 GMT-0800,33.733000000000004,33.707,0.0132,0.0132
13.11.2023 06:37:24.930 GMT-0800,33.713,33.707,0.0009,0.009
13.11.2023 06:37:24.981 GMT-0800,33.713,33.696999999999996,0.0132,0.0132
13.11.2023 06:37:25.392 GMT-0800,33.714,33.696,0.009,0.0112
13.11.2023 06:37:25.443 GMT-0800,33.724000000000004,33.696,0.0132,0.0132
13.11.2023 06:37:25.494 GMT-0800,33.713,33.696999999999996,0.0132,0.0132
13.11.2023 06:37:25.973 GMT-0800,33.713,33.696999999999996,0.009,0.0112
13.11.2023 06:37:26.024 GMT-0800,33.733000000000004,33.707,0.0132,0.0132
13.11.2023 06:37:26.700 GMT-0800,33.744,33.706,0.0132,0.0132
13.11.2023 06:37:27.544 GMT-0800,33.734,33.706,0.0009,0.0132
13.11.2023 06:37:28.912 GMT-0800,33.723,33.707,0.0009,0.009
13.11.2023 06:37:30.512 GMT-0800,33.714,33.696,0.0132,0.0132
13.11.2023 06:37:40.037 GMT-0800,33.724000000000004,33.706,0.0132,0.0132
13.11.2023 06:37:41.108 GMT-0800,33.713,33.707,0.0009,0.009
13.11.2023 06:37:41.159 GMT-0800,33.724000000000004,33.696,0.0132,0.0132
13.11.2023 06:37:41.770 GMT-0800,33.714,33.696,0.0009,0.0132
13.11.2023 06:37:41.871 GMT-0800,33.724000000000004,33.696,0.0132,0.0132
13.11.2023 06:37:46.111 GMT-0800,33.713,33.696999999999996,0.0009,0.0132
13.11.2023 06:37:46.162 GMT-0800,33.694,33.676,0.0132,0.0132
13.11.2023 06:37:46.589 GMT-0800,33.693000000000005,33.667,0.0132,0.0132
13.11.2023 06:37:46.699 GMT-0800,33.694,33.666,0.0132,0.0112
13.11.2023 06:37:46.800 GMT-0800,33.693000000000005,33.667,0.009,0.0112
13.11.2023 06:37:46.851 GMT-0800,33.713,33.687,0.0132,0.0132
13.11.2023 06:37:46.990 GMT-0800,33.713,33.687,0.009,0.0112
13.11.2023 06:37:47.041 GMT-0800,33.724000000000004,33.696,0.0132,0.0132
13.11.2023 06:37:47.226 GMT-0800,33.724000000000004,33.686,0.0132,0.0132
13.11.2023 06:37:47.514 GMT-0800,33.723,33.687,0.0132,0.0112
13.11.2023 06:37:48.250 GMT-0800,33.723,33.687,0.0132,0.0132
13.11.2023 06:37:48.509 GMT-0800,33.724000000000004,33.686,0.0132,0.0112
13.11.2023 06:37:48.559 GMT-0800,33.724000000000004,33.696,0.0132,0.0132
13.11.2023 06:37:49.656 GMT-0800,33.724000000000004,33.686,0.0132,0.0132
13.11.2023 06:37:49.706 GMT-0800,33.723,33.696999999999996,0.0132,0.0132
13.11.2023 06:37:50.358 GMT-0800,33.723,33.696999999999996,0.0132,0.0112
13.11.2023 06:37:50.460 GMT-0800,33.723,33.696999999999996,0.0132,0.0132
13.11.2023 06:37:50.802 GMT-0800,33.724000000000004,33.686,0.0132,0.0132
13.11.2023 06:37:51.286 GMT-0800,33.713,33.687,0.0009,0.0132
13.11.2023 06:37:53.440 GMT-0800,33.713,33.687,0.0132,0.0112
13.11.2023 06:37:54.090 GMT-0800,33.714,33.686,0.0132,0.0132
13.11.2023 06:37:55.593 GMT-0800,33.714,33.686,0.0132,0.0112
13.11.2023 06:37:56.171 GMT-0800,33.713,33.687,0.0132,0.0132
13.11.2023 06:37:59.750 GMT-0800,33.714,33.686,0.0132,0.0112
13.11.2023 06:37:59.944 GMT-0800,33.714,33.686,0.0132,0.0132
13.11.2023 06:37:59.994 GMT-0800,33.714,33.686,0.0132,0.0112
13.11.2023 06:38:01.078 GMT-0800,33.723,33.707,0.0132,0.0132
13.11.2023 06:38:01.213 GMT-0800,33.724000000000004,33.696,0.0132,0.0132
13.11.2023 06:38:01.309 GMT-0800,33.723,33.696999999999996,0.0132,0.0112
13.11.2023 06:38:02.430 GMT-0800,33.724000000000004,33.696,0.0132,0.0132
13.11.2023 06:38:02.582 GMT-0800,33.724000000000004,33.696,0.0132,0.0112
13.11.2023 06:38:05.091 GMT-0800,33.724000000000004,33.696,0.0132,0.0132
13.11.2023 06:38:08.419 GMT-0800,33.724000000000004,33.696,0.0132,0.0112
13.11.2023 06:38:10.308 GMT-0800,33.723,33.696999999999996,0.0132,0.0132
13.11.2023 06:38:13.357 GMT-0800,33.723,33.696999999999996,0.0132,0.0112
13.11.2023 06:38:13.458 GMT-0800,33.733000000000004,33.717,0.0132,0.0132
13.11.2023 06:38:15.038 GMT-0800,33.734,33.716,0.009,0.0112
13.11.2023 06:38:15.089 GMT-0800,33.744,33.726,0.0132,0.0132
13.11.2023 06:38:15.230 GMT-0800,33.744,33.716,0.0132,0.0132
13.11.2023 06:38:16.574 GMT-0800,33.734,33.716,0.0009,0.0132
13.11.2023 06:38:18.719 GMT-0800,33.723,33.707,0.0132,0.0132
13.11.2023 06:38:20.090 GMT-0800,33.723,33.707,0.009,0.0112
13.11.2023 06:38:20.140 GMT-0800,33.733000000000004,33.717,0.0132,0.0132
13.11.2023 06:38:22.993 GMT-0800,33.734,33.716,0.009,0.0112
13.11.2023 06:38:23.044 GMT-0800,33.743,33.717,0.0132,0.0132
13.11.2023 06:38:24.408 GMT-0800,33.743,33.717,0.0132,0.0112
13.11.2023 06:38:24.538 GMT-0800,33.744,33.716,0.0132,0.0132
13.11.2023 06:38:26.921 GMT-0800,33.743,33.717,0.0132,0.0112
13.11.2023 06:38:27.125 GMT-0800,33.744,33.726,0.009,0.0112
13.11.2023 06:38:27.176 GMT-0800,33.763000000000005,33.737,0.0132,0.0132
13.11.2023 06:38:27.227 GMT-0800,33.753,33.737,0.0132,0.0132
13.11.2023 06:38:27.562 GMT-0800,33.764,33.736,0.0132,0.0132
13.11.2023 06:38:27.680 GMT-0800,33.753,33.737,0.0009,0.0132
13.11.2023 06:38:27.832 GMT-0800,33.763000000000005,33.737,0.0132,0.0132
13.11.2023 06:38:27.929 GMT-0800,33.753,33.737,0.0009,0.0132
13.11.2023 06:38:27.980 GMT-0800,33.763000000000005,33.737,0.0132,0.0132
13.11.2023 06:38:29.129 GMT-0800,33.764,33.736,0.0132,0.0112
13.11.2023 06:38:29.433 GMT-0800,33.774,33.746,0.0132,0.0132
13.11.2023 06:38:29.546 GMT-0800,33.773,33.747,0.0132,0.0112
13.11.2023 06:38:29.597 GMT-0800,33.783,33.757,0.0132,0.0132
13.11.2023 06:38:29.748 GMT-0800,33.784,33.766,0.0132,0.0132
13.11.2023 06:38:29.866 GMT-0800,33.783,33.757,0.0132,0.0132
13.11.2023 06:38:30.329 GMT-0800,33.783,33.757,0.0132,0.0112
13.11.2023 06:38:30.611 GMT-0800,33.783,33.757,0.0132,0.0132
13.11.2023 06:38:30.779 GMT-0800,33.784,33.756,0.0132,0.0112
13.11.2023 06:38:31.038 GMT-0800,33.783,33.757,0.0132,0.0132
13.11.2023 06:38:31.459 GMT-0800,33.784,33.756,0.0132,0.0112
13.11.2023 06:38:31.510 GMT-0800,33.783,33.757,0.0132,0.0132
13.11.2023 06:38:32.642 GMT-0800,33.773,33.757,0.0009,0.009
13.11.2023 06:38:32.692 GMT-0800,33.773,33.747,0.0132,0.0132
13.11.2023 06:38:32.878 GMT-0800,33.763000000000005,33.747,0.0009,0.0132
13.11.2023 06:38:32.928 GMT-0800,33.764,33.736,0.0132,0.0132
13.11.2023 06:38:32.979 GMT-0800,33.764,33.736,0.0132,0.0112
13.11.2023 06:38:33.212 GMT-0800,33.764,33.736,0.0132,0.0132
13.11.2023 06:38:33.951 GMT-0800,33.764,33.736,0.0132,0.0112
13.11.2023 06:38:34.002 GMT-0800,33.764,33.736,0.0132,0.0132
13.11.2023 06:38:34.153 GMT-0800,33.763000000000005,33.737,0.0132,0.0112
13.11.2023 06:38:34.679 GMT-0800,33.763000000000005,33.737,0.0132,0.0132
13.11.2023 06:38:35.452 GMT-0800,33.753,33.737,0.0132,0.0132
13.11.2023 06:38:36.436 GMT-0800,33.764,33.736,0.0132,0.0132
13.11.2023 06:38:36.625 GMT-0800,33.763000000000005,33.737,0.009,0.0112
13.11.2023 06:38:36.710 GMT-0800,33.773,33.747,0.0132,0.0132
13.11.2023 06:38:37.171 GMT-0800,33.763000000000005,33.747,0.0009,0.0132
13.11.2023 06:38:37.222 GMT-0800,33.763000000000005,33.737,0.0132,0.0132
13.11.2023 06:38:38.283 GMT-0800,33.763000000000005,33.737,0.0132,0.0112
13.11.2023 06:38:38.334 GMT-0800,33.773,33.747,0.0132,0.0132
13.11.2023 06:38:39.043 GMT-0800,33.764,33.746,0.0009,0.0132
13.11.2023 06:38:41.183 GMT-0800,33.764,33.736,0.0132,0.0132
13.11.2023 06:38:41.234 GMT-0800,33.764,33.746,0.0132,0.0132
13.11.2023 06:38:41.437 GMT-0800,33.754000000000005,33.726,0.0132,0.0132
13.11.2023 06:38:41.527 GMT-0800,33.754000000000005,33.726,0.0132,0.0112
13.11.2023 06:38:41.628 GMT-0800,33.753,33.727,0.0132,0.0132
13.11.2023 06:38:42.033 GMT-0800,33.753,33.717,0.0132,0.0132
13.11.2023 06:38:42.915 GMT-0800,33.753,33.717,0.0132,0.0112
13.11.2023 06:38:43.233 GMT-0800,33.754000000000005,33.716,0.0132,0.0132
13.11.2023 06:38:45.280 GMT-0800,33.753,33.717,0.0132,0.0112
13.11.2023 06:38:45.331 GMT-0800,33.754000000000005,33.716,0.0132,0.0132
13.11.2023 06:38:46.018 GMT-0800,33.753,33.717,0.0132,0.0112
13.11.2023 06:38:46.119 GMT-0800,33.764,33.746,0.0132,0.0132
13.11.2023 06:38:46.486 GMT-0800,33.763000000000005,33.737,0.0132,0.0132
13.11.2023 06:38:46.572 GMT-0800,33.754000000000005,33.736,0.0009,0.0132
13.11.2023 06:38:48.221 GMT-0800,33.764,33.746,0.0132,0.009
13.11.2023 06:38:48.272 GMT-0800,33.764,33.736,0.0132,0.0132
13.11.2023 06:38:48.714 GMT-0800,33.764,33.736,0.009,0.0112
13.11.2023 06:38:48.765 GMT-0800,33.774,33.746,0.0132,0.0132
13.11.2023 06:38:49.363 GMT-0800,33.773,33.747,0.0132,0.0112
13.11.2023 06:38:49.413 GMT-0800,33.774,33.746,0.0132,0.0132
13.11.2023 06:38:49.464 GMT-0800,33.773,33.757,0.0132,0.0132
13.11.2023 06:38:49.660 GMT-0800,33.773,33.747,0.0132,0.0132
13.11.2023 06:38:50.228 GMT-0800,33.764,33.746,0.0009,0.0132
13.11.2023 06:38:50.279 GMT-0800,33.744,33.716,0.0132,0.0132
13.11.2023 06:38:50.342 GMT-0800,33.734,33.716,0.0009,0.0132
13.11.2023 06:38:50.866 GMT-0800,33.733000000000004,33.707,0.0132,0.0132
13.11.2023 06:38:52.185 GMT-0800,33.734,33.706,0.0132,0.0112
13.11.2023 06:38:52.705 GMT-0800,33.743,33.717,0.0132,0.0132
13.11.2023 06:38:53.274 GMT-0800,33.734,33.716,0.0009,0.0132
13.11.2023 06:38:53.375 GMT-0800,33.743,33.717,0.0132,0.0132
13.11.2023 06:38:53.868 GMT-0800,33.743,33.727,0.0132,0.0132
13.11.2023 06:38:53.969 GMT-0800,33.743,33.717,0.0132,0.0132
13.11.2023 06:38:54.278 GMT-0800,33.744,33.716,0.0132,0.0112
13.11.2023 06:39:02.359 GMT-0800,33.744,33.726,0.009,0.0112
13.11.2023 06:39:02.410 GMT-0800,33.754000000000005,33.736,0.0132,0.0132
13.11.2023 06:39:04.065 GMT-0800,33.764,33.736,0.0132,0.0132
13.11.2023 06:39:06.564 GMT-0800,33.764,33.736,0.009,0.0112
13.11.2023 06:39:06.729 GMT-0800,33.753,33.747,0.0009,0.009
13.11.2023 06:39:06.780 GMT-0800,33.754000000000005,33.726,0.0132,0.0132
13.11.2023 06:39:06.944 GMT-0800,33.754000000000005,33.716,0.0132,0.0132
13.11.2023 06:39:07.493 GMT-0800,33.743,33.717,0.0009,0.0132
13.11.2023 06:39:08.051 GMT-0800,33.743,33.727,0.0132,0.0132
13.11.2023 06:39:09.068 GMT-0800,33.744,33.716,0.0132,0.0132
13.11.2023 06:39:20.281 GMT-0800,33.743,33.717,0.009,0.0112
13.11.2023 06:39:20.383 GMT-0800,33.754000000000005,33.726,0.0132,0.0132
13.11.2023 06:39:24.563 GMT-0800,33.754000000000005,33.716,0.0132,0.0132
13.11.2023 06:39:26.533 GMT-0800,33.753,33.717,0.0132,0.0112
13.11.2023 06:39:30.368 GMT-0800,33.763000000000005,33.737,0.0132,0.0132
13.11.2023 06:39:31.428 GMT-0800,33.753,33.737,0.0009,0.0132
13.11.2023 06:39:31.580 GMT-0800,33.764,33.736,0.0132,0.0132
13.11.2023 06:39:31.712 GMT-0800,33.763000000000005,33.737,0.0132,0.0112
13.11.2023 06:39:32.126 GMT-0800,33.774,33.746,0.0132,0.0132
13.11.2023 06:39:32.640 GMT-0800,33.773,33.747,0.009,0.0112
13.11.2023 06:39:32.691 GMT-0800,33.783,33.757,0.0132,0.0132
13.11.2023 06:39:32.741 GMT-0800,33.774,33.756,0.0009,0.009
13.11.2023 06:39:32.792 GMT-0800,33.774,33.746,0.0132,0.0132
13.11.2023 06:39:32.904 GMT-0800,33.773,33.747,0.0132,0.0112
13.11.2023 06:39:32.955 GMT-0800,33.784,33.756,0.0132,0.0132
13.11.2023 06:39:33.058 GMT-0800,33.774,33.756,0.0009,0.009
13.11.2023 06:39:33.158 GMT-0800,33.774,33.746,0.0132,0.0132
13.11.2023 06:39:33.208 GMT-0800,33.773,33.747,0.0132,0.0112
13.11.2023 06:39:33.309 GMT-0800,33.783,33.757,0.0132,0.0132
13.11.2023 06:39:33.713 GMT-0800,33.784,33.756,0.0132,0.0112
13.11.2023 06:39:33.814 GMT-0800,33.783,33.757,0.0132,0.0132
13.11.2023 06:39:34.316 GMT-0800,33.774,33.756,0.0009,0.009
13.11.2023 06:39:34.367 GMT-0800,33.763000000000005,33.737,0.0132,0.0132
13.11.2023 06:39:35.137 GMT-0800,33.763000000000005,33.737,0.0132,0.0112
13.11.2023 06:39:35.419 GMT-0800,33.773,33.747,0.0132,0.0132
13.11.2023 06:39:35.675 GMT-0800,33.764,33.746,0.0009,0.0132
13.11.2023 06:39:37.086 GMT-0800,33.763000000000005,33.747,0.009,0.0112
13.11.2023 06:39:37.137 GMT-0800,33.764,33.746,0.009,0.0132
13.11.2023 06:39:37.187 GMT-0800,33.774,33.746,0.0132,0.0132
13.11.2023 06:39:37.693 GMT-0800,33.774,33.746,0.0132,0.0112
13.11.2023 06:39:38.361 GMT-0800,33.774,33.746,0.0132,0.0132
13.11.2023 06:39:38.423 GMT-0800,33.773,33.747,0.009,0.0112
13.11.2023 06:39:38.524 GMT-0800,33.784,33.756,0.0132,0.0132
13.11.2023 06:39:39.084 GMT-0800,33.793,33.766999999999996,0.0132,0.0132
13.11.2023 06:39:39.300 GMT-0800,33.783,33.766999999999996,0.0009,0.009
13.11.2023 06:39:39.351 GMT-0800,33.784,33.756,0.0132,0.0132
13.11.2023 06:39:39.435 GMT-0800,33.783,33.757,0.009,0.0112
13.11.2023 06:39:39.486 GMT-0800,33.793,33.766999999999996,0.0132,0.0132
13.11.2023 06:39:39.608 GMT-0800,33.783,33.757,0.0132,0.0132
13.11.2023 06:39:39.955 GMT-0800,33.794000000000004,33.756,0.0132,0.0132
13.11.2023 06:39:40.284 GMT-0800,33.793,33.757,0.0132,0.0112
13.11.2023 06:39:42.077 GMT-0800,33.794000000000004,33.766,0.0132,0.0112
13.11.2023 06:39:42.233 GMT-0800,33.793,33.766999999999996,0.0132,0.0132
13.11.2023 06:39:43.821 GMT-0800,33.803000000000004,33.766999999999996,0.0132,0.0132
13.11.2023 06:39:45.272 GMT-0800,33.794000000000004,33.766,0.0009,0.0132
13.11.2023 06:39:47.437 GMT-0800,33.793,33.766999999999996,0.0132,0.0112
13.11.2023 06:39:51.060 GMT-0800,33.794000000000004,33.775999999999996,0.009,0.0112
13.11.2023 06:39:51.111 GMT-0800,33.794000000000004,33.775999999999996,0.009,0.012
13.11.2023 06:39:51.161 GMT-0800,33.814,33.796,0.0132,0.0132
13.11.2023 06:39:54.433 GMT-0800,33.813,33.787,0.0132,0.0132
13.11.2023 06:39:56.230 GMT-0800,33.824,33.796,0.0132,0.0132
13.11.2023 06:39:56.281 GMT-0800,33.824,33.786,0.0132,0.0132
13.11.2023 06:39:57.350 GMT-0800,33.814,33.786,0.0009,0.0132
13.11.2023 06:39:57.569 GMT-0800,33.814,33.786,0.009,0.0112
13.11.2023 06:39:57.620 GMT-0800,33.834,33.796,0.0132,0.0132
13.11.2023 06:39:59.810 GMT-0800,33.824,33.796,0.0009,0.0112
13.11.2023 06:40:00.393 GMT-0800,33.824,33.796,0.0132,0.0132
13.11.2023 06:40:02.373 GMT-0800,33.824,33.796,0.009,0.0112
13.11.2023 06:40:02.424 GMT-0800,33.833000000000006,33.807,0.0132,0.0132
13.11.2023 06:40:02.475 GMT-0800,33.843,33.817,0.0132,0.0132
13.11.2023 06:40:02.626 GMT-0800,33.844,33.826,0.0132,0.0132
13.11.2023 06:40:03.002 GMT-0800,33.833000000000006,33.807,0.0132,0.0132
13.11.2023 06:40:04.123 GMT-0800,33.834,33.816,0.0132,0.0132
13.11.2023 06:40:04.887 GMT-0800,33.824,33.816,0.0009,0.009
13.11.2023 06:40:04.938 GMT-0800,33.824,33.796,0.0132,0.0132
13.11.2023 06:40:05.090 GMT-0800,33.814,33.796,0.0132,0.0132
13.11.2023 06:40:05.292 GMT-0800,33.813,33.787,0.0132,0.0132
13.11.2023 06:40:05.376 GMT-0800,33.814,33.786,0.009,0.0112
13.11.2023 06:40:05.499 GMT-0800,33.824,33.796,0.0132,0.0132
13.11.2023 06:40:06.468 GMT-0800,33.823,33.797,0.0132,0.0112
13.11.2023 06:40:06.648 GMT-0800,33.823,33.797,0.0132,0.0132
13.11.2023 06:40:07.036 GMT-0800,33.823,33.787,0.0132,0.0132
13.11.2023 06:40:07.706 GMT-0800,33.824,33.806,0.0132,0.0132
13.11.2023 06:40:08.412 GMT-0800,33.824,33.796,0.0132,0.0132
13.11.2023 06:40:08.484 GMT-0800,33.823,33.797,0.0132,0.0112
13.11.2023 06:40:08.779 GMT-0800,33.824,33.796,0.0132,0.0132
13.11.2023 06:40:08.860 GMT-0800,33.824,33.796,0.0132,0.0112
13.11.2023 06:40:09.781 GMT-0800,33.824,33.796,0.0132,0.0132
13.11.2023 06:40:09.882 GMT-0800,33.823,33.807,0.0132,0.0132
13.11.2023 06:40:11.611 GMT-0800,33.824,33.806,0.009,0.0112
13.11.2023 06:40:11.667 GMT-0800,33.844,33.816,0.0132,0.0132
13.11.2023 06:40:11.717 GMT-0800,33.834,33.806,0.0132,0.0132
13.11.2023 06:40:12.097 GMT-0800,33.824,33.806,0.0009,0.0132
13.11.2023 06:40:12.249 GMT-0800,33.834,33.806,0.0132,0.0132
13.11.2023 06:40:12.999 GMT-0800,33.824,33.806,0.0009,0.0132
13.11.2023 06:40:13.100 GMT-0800,33.834,33.806,0.0132,0.0132
13.11.2023 06:40:13.368 GMT-0800,33.823,33.807,0.0009,0.0132
13.11.2023 06:40:13.470 GMT-0800,33.833000000000006,33.807,0.0132,0.0132
13.11.2023 06:40:13.839 GMT-0800,33.834,33.806,0.0132,0.0112
13.11.2023 06:40:15.736 GMT-0800,33.834,33.816,0.009,0.0112
13.11.2023 06:40:15.787 GMT-0800,33.854,33.826,0.0132,0.0132
13.11.2023 06:40:15.838 GMT-0800,33.843,33.817,0.0132,0.0132
13.11.2023 06:40:19.420 GMT-0800,33.833000000000006,33.817,0.0009,0.0132
13.11.2023 06:40:19.831 GMT-0800,33.843,33.817,0.0132,0.0132
13.11.2023 06:40:20.216 GMT-0800,33.834,33.816,0.0009,0.0132
13.11.2023 06:40:20.317 GMT-0800,33.844,33.816,0.0132,0.0132
13.11.2023 06:40:21.749 GMT-0800,33.834,33.816,0.0009,0.0132
13.11.2023 06:40:22.539 GMT-0800,33.844,33.816,0.0132,0.0132
13.11.2023 06:40:23.188 GMT-0800,33.833000000000006,33.817,0.0009,0.009
13.11.2023 06:40:23.239 GMT-0800,33.833000000000006,33.807,0.0132,0.0132
13.11.2023 06:40:23.614 GMT-0800,33.843,33.817,0.0132,0.0132
13.11.2023 06:40:25.730 GMT-0800,33.833000000000006,33.817,0.0009,0.009
13.11.2023 06:40:25.874 GMT-0800,33.824,33.816,0.0009,0.009
13.11.2023 06:40:25.975 GMT-0800,33.823,33.807,0.0132,0.0132
13.11.2023 06:40:28.763 GMT-0800,33.823,33.807,0.009,0.0112
13.11.2023 06:40:28.814 GMT-0800,33.834,33.816,0.0132,0.0132
13.11.2023 06:40:30.333 GMT-0800,33.834,33.816,0.009,0.0112
13.11.2023 06:40:30.439 GMT-0800,33.844,33.826,0.0132,0.0132
13.11.2023 06:40:31.315 GMT-0800,33.843,33.827,0.009,0.0112
13.11.2023 06:40:31.366 GMT-0800,33.843,33.827,0.009,0.0132
13.11.2023 06:40:31.417 GMT-0800,33.854,33.826,0.0132,0.0132
13.11.2023 06:40:31.911 GMT-0800,33.844,33.826,0.0009,0.0132
13.11.2023 06:40:31.962 GMT-0800,33.854,33.826,0.0132,0.0132
13.11.2023 06:40:32.175 GMT-0800,33.844,33.826,0.0009,0.0132
13.11.2023 06:40:32.226 GMT-0800,33.854,33.826,0.0132,0.0132
13.11.2023 06:40:34.725 GMT-0800,33.854,33.826,0.0132,0.0112
13.11.2023 06:40:37.416 GMT-0800,33.843,33.836999999999996,0.0009,0.009
13.11.2023 06:40:37.467 GMT-0800,33.843,33.817,0.0132,0.0132
13.11.2023 06:40:39.310 GMT-0800,33.833000000000006,33.817,0.0009,0.0132
13.11.2023 06:40:39.881 GMT-0800,33.833000000000006,33.807,0.0132,0.0132
13.11.2023 06:40:40.762 GMT-0800,33.823,33.807,0.0009,0.009
13.11.2023 06:40:40.864 GMT-0800,33.824,33.796,0.0132,0.0132
13.11.2023 06:40:42.347 GMT-0800,33.824,33.786,0.0132,0.0132
13.11.2023 06:40:42.695 GMT-0800,33.823,33.787,0.0132,0.0112
13.11.2023 06:40:42.746 GMT-0800,33.823,33.787,0.0132,0.0132
13.11.2023 06:40:45.307 GMT-0800,33.824,33.786,0.0132,0.0112
13.11.2023 06:40:45.358 GMT-0800,33.824,33.786,0.0132,0.0132
13.11.2023 06:40:47.242 GMT-0800,33.823,33.787,0.0132,0.0112
13.11.2023 06:40:47.418 GMT-0800,33.824,33.796,0.009,0.0112
13.11.2023 06:40:47.556 GMT-0800,33.834,33.806,0.0132,0.0132
13.11.2023 06:40:48.068 GMT-0800,33.824,33.796,0.0009,0.0132
13.11.2023 06:40:48.449 GMT-0800,33.823,33.797,0.0132,0.0112
13.11.2023 06:40:49.338 GMT-0800,33.824,33.796,0.0132,0.0132
13.11.2023 06:40:49.519 GMT-0800,33.823,33.797,0.0132,0.0112
13.11.2023 06:40:50.242 GMT-0800,33.824,33.796,0.0132,0.0132
13.11.2023 06:40:50.353 GMT-0800,33.824,33.786,0.0132,0.0132
13.11.2023 06:40:50.474 GMT-0800,33.823,33.787,0.0132,0.0112
13.11.2023 06:40:50.757 GMT-0800,33.834,33.816,0.009,0.0132
13.11.2023 06:40:50.807 GMT-0800,33.844,33.816,0.0132,0.0132
13.11.2023 06:40:51.070 GMT-0800,33.834,33.816,0.0009,0.0132
13.11.2023 06:40:52.328 GMT-0800,33.844,33.816,0.0132,0.0132
13.11.2023 06:40:54.486 GMT-0800,33.834,33.816,0.0009,0.0132
13.11.2023 06:40:54.538 GMT-0800,33.843,33.817,0.0132,0.0132
13.11.2023 06:40:54.779 GMT-0800,33.844,33.816,0.0132,0.0112
13.11.2023 06:40:54.880 GMT-0800,33.854,33.826,0.0132,0.0132
13.11.2023 06:40:55.295 GMT-0800,33.854,33.826,0.0132,0.0112
13.11.2023 06:40:56.566 GMT-0800,33.843,33.827,0.0132,0.0132
13.11.2023 06:40:56.617 GMT-0800,33.844,33.816,0.0132,0.0132
13.11.2023 06:40:59.581 GMT-0800,33.844,33.816,0.0132,0.0112
13.11.2023 06:41:01.281 GMT-0800,33.854,33.826,0.0132,0.0132
13.11.2023 06:41:01.624 GMT-0800,33.844,33.826,0.0009,0.0132
13.11.2023 06:41:04.863 GMT-0800,33.853,33.836999999999996,0.0132,0.0132
13.11.2023 06:41:05.148 GMT-0800,33.854,33.826,0.0132,0.0132
13.11.2023 06:41:05.293 GMT-0800,33.854,33.826,0.0132,0.0112
13.11.2023 06:41:05.617 GMT-0800,33.854,33.826,0.0132,0.0132
13.11.2023 06:41:07.031 GMT-0800,33.853,33.827,0.0132,0.0112
13.11.2023 06:41:09.020 GMT-0800,33.853,33.827,0.0132,0.0132
13.11.2023 06:41:09.342 GMT-0800,33.844,33.826,0.0009,0.0132
13.11.2023 06:41:09.443 GMT-0800,33.854,33.826,0.0132,0.0132
13.11.2023 06:41:09.724 GMT-0800,33.853,33.827,0.0132,0.0112
13.11.2023 06:41:11.093 GMT-0800,33.854,33.826,0.0132,0.0132
13.11.2023 06:41:11.739 GMT-0800,33.853,33.827,0.0132,0.0112
13.11.2023 06:41:11.872 GMT-0800,33.853,33.827,0.0132,0.0132
13.11.2023 06:41:11.965 GMT-0800,33.844,33.826,0.0009,0.0132
13.11.2023 06:41:12.877 GMT-0800,33.853,33.827,0.0132,0.0132
13.11.2023 06:41:13.925 GMT-0800,33.843,33.827,0.0009,0.0132
13.11.2023 06:41:13.976 GMT-0800,33.853,33.827,0.0132,0.0132
13.11.2023 06:41:14.026 GMT-0800,33.843,33.827,0.0132,0.0132
13.11.2023 06:41:16.619 GMT-0800,33.824,33.806,0.0009,0.0132
13.11.2023 06:41:16.872 GMT-0800,33.823,33.797,0.0132,0.0132
13.11.2023 06:41:17.944 GMT-0800,33.823,33.787,0.0132,0.0132
13.11.2023 06:41:18.315 GMT-0800,33.813,33.787,0.0009,0.0112
13.11.2023 06:41:18.416 GMT-0800,33.823,33.807,0.0132,0.0132
13.11.2023 06:41:18.568 GMT-0800,33.824,33.806,0.009,0.0112
13.11.2023 06:41:18.618 GMT-0800,33.833000000000006,33.807,0.0132,0.0132
13.11.2023 06:41:18.766 GMT-0800,33.834,33.806,0.0132,0.0112
13.11.2023 06:41:19.019 GMT-0800,33.844,33.816,0.0132,0.0132
13.11.2023 06:41:19.149 GMT-0800,33.833000000000006,33.817,0.0009,0.0132
13.11.2023 06:41:19.496 GMT-0800,33.834,33.806,0.0132,0.0132
13.11.2023 06:41:21.646 GMT-0800,33.824,33.806,0.0009,0.0132
13.11.2023 06:41:21.697 GMT-0800,33.834,33.806,0.0132,0.0132
13.11.2023 06:41:21.798 GMT-0800,33.824,33.806,0.0132,0.0132
13.11.2023 06:41:31.581 GMT-0800,33.814,33.806,0.0009,0.009
13.11.2023 06:41:31.632 GMT-0800,33.814,33.796,0.0132,0.0132
13.11.2023 06:41:32.503 GMT-0800,33.814,33.786,0.0132,0.0132
13.11.2023 06:41:32.814 GMT-0800,33.813,33.787,0.0132,0.0112
13.11.2023 06:41:32.864 GMT-0800,33.813,33.787,0.0132,0.0132
13.11.2023 06:41:33.704 GMT-0800,33.813,33.787,0.0132,0.0112
13.11.2023 06:41:34.366 GMT-0800,33.814,33.786,0.0132,0.0132
13.11.2023 06:41:36.314 GMT-0800,33.814,33.796,0.0132,0.0132
13.11.2023 06:41:37.432 GMT-0800,33.804,33.786,0.0132,0.0132
13.11.2023 06:41:37.855 GMT-0800,33.813,33.787,0.0132,0.0132
13.11.2023 06:41:38.118 GMT-0800,33.804,33.786,0.0132,0.0132
13.11.2023 06:41:38.469 GMT-0800,33.813,33.787,0.0132,0.0112
13.11.2023 06:41:42.363 GMT-0800,33.824,33.806,0.0132,0.0132
13.11.2023 06:41:44.496 GMT-0800,33.813,33.807,0.0009,0.009
13.11.2023 06:41:44.547 GMT-0800,33.813,33.787,0.0132,0.0132
13.11.2023 06:41:44.699 GMT-0800,33.804,33.786,0.0009,0.0132
13.11.2023 06:41:44.800 GMT-0800,33.814,33.786,0.0132,0.0132
13.11.2023 06:41:45.039 GMT-0800,33.803000000000004,33.787,0.0009,0.0132
13.11.2023 06:41:46.261 GMT-0800,33.794000000000004,33.786,0.0009,0.009
13.11.2023 06:41:46.312 GMT-0800,33.803000000000004,33.777,0.0132,0.0132
13.11.2023 06:41:46.378 GMT-0800,33.793,33.777,0.0009,0.0132
13.11.2023 06:41:46.429 GMT-0800,33.804,33.775999999999996,0.0132,0.0132
13.11.2023 06:41:46.480 GMT-0800,33.793,33.777,0.0132,0.0132
13.11.2023 06:41:46.700 GMT-0800,33.803000000000004,33.777,0.0132,0.0132
13.11.2023 06:41:46.832 GMT-0800,33.794000000000004,33.775999999999996,0.0009,0.0132
13.11.2023 06:41:47.972 GMT-0800,33.794000000000004,33.775999999999996,0.009,0.0112
13.11.2023 06:41:48.076 GMT-0800,33.804,33.775999999999996,0.0132,0.0132
13.11.2023 06:41:48.401 GMT-0800,33.804,33.775999999999996,0.0132,0.0112
13.11.2023 06:41:50.148 GMT-0800,33.804,33.775999999999996,0.0132,0.0132
13.11.2023 06:41:50.238 GMT-0800,33.803000000000004,33.777,0.0132,0.0112
13.11.2023 06:41:51.110 GMT-0800,33.803000000000004,33.777,0.0132,0.0132
13.11.2023 06:41:51.378 GMT-0800,33.803000000000004,33.777,0.0132,0.0112
13.11.2023 06:41:55.377 GMT-0800,33.814,33.786,0.0132,0.0132
13.11.2023 06:41:55.428 GMT-0800,33.803000000000004,33.787,0.0132,0.0132
13.11.2023 06:41:57.177 GMT-0800,33.804,33.775999999999996,0.0132,0.0132
13.11.2023 06:41:57.601 GMT-0800,33.804,33.775999999999996,0.0132,0.0112
13.11.2023 06:41:58.852 GMT-0800,33.814,33.786,0.0132,0.0132
13.11.2023 06:41:58.946 GMT-0800,33.803000000000004,33.787,0.0009,0.0132
13.11.2023 06:41:59.174 GMT-0800,33.804,33.775999999999996,0.0132,0.0132
13.11.2023 06:41:59.226 GMT-0800,33.804,33.775999999999996,0.0132,0.0112
13.11.2023 06:41:59.331 GMT-0800,33.803000000000004,33.777,0.0132,0.0132
13.11.2023 06:41:59.521 GMT-0800,33.803000000000004,33.777,0.0132,0.0112
13.11.2023 06:41:59.622 GMT-0800,33.803000000000004,33.777,0.0132,0.0132
13.11.2023 06:41:59.788 GMT-0800,33.804,33.775999999999996,0.0132,0.0112
13.11.2023 06:42:00.400 GMT-0800,33.793,33.787,0.0009,0.009
13.11.2023 06:42:00.451 GMT-0800,33.803000000000004,33.787,0.0132,0.009
13.11.2023 06:42:00.658 GMT-0800,33.804,33.775999999999996,0.0132,0.0132
13.11.2023 06:42:02.198 GMT-0800,33.803000000000004,33.777,0.0132,0.0112
13.11.2023 06:42:04.096 GMT-0800,33.814,33.786,0.0132,0.0132
13.11.2023 06:42:04.184 GMT-0800,33.804,33.786,0.0009,0.0132
13.11.2023 06:42:10.266 GMT-0800,33.794000000000004,33.786,0.0009,0.009
13.11.2023 06:42:10.317 GMT-0800,33.803000000000004,33.787,0.0132,0.0132
13.11.2023 06:42:13.187 GMT-0800,33.813,33.787,0.0132,0.0112
13.11.2023 06:42:15.206 GMT-0800,33.813,33.797,0.009,0.0112
13.11.2023 06:42:15.257 GMT-0800,33.824,33.806,0.0132,0.0132
13.11.2023 06:42:16.033 GMT-0800,33.814,33.796,0.0009,0.0132
13.11.2023 06:42:16.624 GMT-0800,33.814,33.796,0.009,0.0112
13.11.2023 06:42:16.675 GMT-0800,33.824,33.806,0.0132,0.0132
13.11.2023 06:42:18.672 GMT-0800,33.813,33.807,0.0009,0.009
13.11.2023 06:42:18.723 GMT-0800,33.824,33.806,0.0132,0.009
13.11.2023 06:42:24.007 GMT-0800,33.834,33.816,0.0132,0.0132
13.11.2023 06:42:24.178 GMT-0800,33.833000000000006,33.807,0.0132,0.0132
13.11.2023 06:42:25.033 GMT-0800,33.833000000000006,33.807,0.0132,0.0112
13.11.2023 06:42:26.260 GMT-0800,33.823,33.817,0.0009,0.009
13.11.2023 06:42:26.430 GMT-0800,33.823,33.797,0.0132,0.0132
13.11.2023 06:42:27.440 GMT-0800,33.824,33.796,0.0132,0.0112
13.11.2023 06:42:27.779 GMT-0800,33.834,33.806,0.0132,0.0132
13.11.2023 06:42:29.533 GMT-0800,33.823,33.807,0.0009,0.0132
13.11.2023 06:42:29.634 GMT-0800,33.834,33.806,0.0132,0.0132
13.11.2023 06:42:29.704 GMT-0800,33.823,33.807,0.0009,0.0132
13.11.2023 06:42:30.600 GMT-0800,33.814,33.806,0.0009,0.009
13.11.2023 06:42:30.650 GMT-0800,33.814,33.796,0.0132,0.0132
13.11.2023 06:42:30.856 GMT-0800,33.813,33.797,0.009,0.0112
13.11.2023 06:42:30.906 GMT-0800,33.824,33.806,0.0132,0.0132
13.11.2023 06:42:31.008 GMT-0800,33.823,33.797,0.0132,0.0132
13.11.2023 06:42:31.058 GMT-0800,33.823,33.807,0.0132,0.0132
13.11.2023 06:42:31.628 GMT-0800,33.823,33.797,0.0132,0.0132
13.11.2023 06:42:31.783 GMT-0800,33.823,33.797,0.0132,0.0112
13.11.2023 06:42:33.424 GMT-0800,33.823,33.797,0.0132,0.0132
13.11.2023 06:42:33.493 GMT-0800,33.813,33.797,0.0009,0.0132
13.11.2023 06:42:33.596 GMT-0800,33.803000000000004,33.787,0.0132,0.0132
13.11.2023 06:42:33.697 GMT-0800,33.803000000000004,33.777,0.0132,0.0132
13.11.2023 06:42:33.998 GMT-0800,33.794000000000004,33.775999999999996,0.0009,0.0132
13.11.2023 06:42:37.228 GMT-0800,33.804,33.775999999999996,0.0132,0.0132
13.11.2023 06:42:37.355 GMT-0800,33.793,33.777,0.0009,0.0132
13.11.2023 06:42:40.476 GMT-0800,33.773,33.757,0.0132,0.0132
13.11.2023 06:42:42.276 GMT-0800,33.773,33.747,0.0132,0.0132
13.11.2023 06:42:42.620 GMT-0800,33.764,33.746,0.0009,0.0132
13.11.2023 06:42:42.823 GMT-0800,33.774,33.746,0.0132,0.0132
13.11.2023 06:42:43.059 GMT-0800,33.764,33.746,0.0009,0.0132
13.11.2023 06:42:46.169 GMT-0800,33.774,33.746,0.0132,0.0132
13.11.2023 06:42:46.681 GMT-0800,33.773,33.747,0.0132,0.0112
13.11.2023 06:42:47.245 GMT-0800,33.773,33.747,0.0132,0.0132
13.11.2023 06:42:47.295 GMT-0800,33.774,33.756,0.0132,0.0132
13.11.2023 06:42:47.520 GMT-0800,33.773,33.747,0.0132,0.0132
13.11.2023 06:42:48.332 GMT-0800,33.764,33.746,0.0009,0.0132
13.11.2023 06:42:48.382 GMT-0800,33.774,33.746,0.0132,0.0132
13.11.2023 06:42:48.580 GMT-0800,33.774,33.746,0.0132,0.0112
13.11.2023 06:42:51.149 GMT-0800,33.773,33.747,0.0132,0.0132
13.11.2023 06:42:52.183 GMT-0800,33.773,33.747,0.0132,0.0112
13.11.2023 06:42:55.562 GMT-0800,33.774,33.756,0.009,0.0112
13.11.2023 06:42:55.613 GMT-0800,33.783,33.766999999999996,0.0132,0.0132
13.11.2023 06:42:57.417 GMT-0800,33.783,33.766999999999996,0.009,0.0112
13.11.2023 06:42:57.468 GMT-0800,33.784,33.766,0.009,0.0132
13.11.2023 06:42:57.588 GMT-0800,33.794000000000004,33.766,0.0132,0.0132
13.11.2023 06:42:57.698 GMT-0800,33.794000000000004,33.766,0.0132,0.0112
13.11.2023 06:42:57.948 GMT-0800,33.793,33.766999999999996,0.0132,0.0132
13.11.2023 06:42:58.210 GMT-0800,33.793,33.766999999999996,0.0132,0.0112
13.11.2023 06:42:58.261 GMT-0800,33.794000000000004,33.766,0.0132,0.0132
13.11.2023 06:42:58.374 GMT-0800,33.793,33.766999999999996,0.0132,0.0112
13.11.2023 06:42:58.600 GMT-0800,33.793,33.766999999999996,0.0132,0.0132
13.11.2023 06:42:59.768 GMT-0800,33.794000000000004,33.766,0.0132,0.0112
13.11.2023 06:42:59.947 GMT-0800,33.794000000000004,33.766,0.0132,0.0132
13.11.2023 06:43:00.001 GMT-0800,33.794000000000004,33.766,0.0132,0.0112
13.11.2023 06:43:00.102 GMT-0800,33.794000000000004,33.766,0.0132,0.0132
13.11.2023 06:43:00.172 GMT-0800,33.793,33.766999999999996,0.0132,0.0112
13.11.2023 06:43:00.777 GMT-0800,33.803000000000004,33.777,0.0132,0.0132
13.11.2023 06:43:01.624 GMT-0800,33.803000000000004,33.777,0.0132,0.0112
13.11.2023 06:43:01.675 GMT-0800,33.804,33.775999999999996,0.0132,0.0132
13.11.2023 06:43:03.143 GMT-0800,33.803000000000004,33.777,0.0132,0.0112
13.11.2023 06:43:03.350 GMT-0800,33.804,33.775999999999996,0.0132,0.0132
13.11.2023 06:43:03.496 GMT-0800,33.804,33.775999999999996,0.0132,0.0112
13.11.2023 06:43:04.523 GMT-0800,33.803000000000004,33.777,0.0132,0.0132
13.11.2023 06:43:05.221 GMT-0800,33.793,33.777,0.0009,0.0132
13.11.2023 06:43:05.553 GMT-0800,33.803000000000004,33.777,0.0132,0.0132
13.11.2023 06:43:05.603 GMT-0800,33.803000000000004,33.777,0.0132,0.0112
13.11.2023 06:43:06.890 GMT-0800,33.804,33.775999999999996,0.0132,0.0132
13.11.2023 06:43:07.224 GMT-0800,33.804,33.775999999999996,0.0132,0.0112
13.11.2023 06:43:07.484 GMT-0800,33.803000000000004,33.777,0.0132,0.0132
13.11.2023 06:43:07.666 GMT-0800,33.803000000000004,33.787,0.0132,0.0132
13.11.2023 06:43:08.087 GMT-0800,33.804,33.775999999999996,0.0132,0.0132
13.11.2023 06:43:08.195 GMT-0800,33.803000000000004,33.777,0.0132,0.0112
13.11.2023 06:43:08.626 GMT-0800,33.803000000000004,33.777,0.0132,0.0132
13.11.2023 06:43:08.990 GMT-0800,33.794000000000004,33.775999999999996,0.0009,0.0132
13.11.2023 06:43:09.091 GMT-0800,33.794000000000004,33.766,0.0132,0.0132
13.11.2023 06:43:10.655 GMT-0800,33.793,33.766999999999996,0.0132,0.0112
13.11.2023 06:43:11.600 GMT-0800,33.793,33.777,0.009,0.0112
13.11.2023 06:43:11.651 GMT-0800,33.804,33.786,0.0132,0.0132
13.11.2023 06:43:22.322 GMT-0800,33.803000000000004,33.787,0.009,0.0112
13.11.2023 06:43:22.373 GMT-0800,33.813,33.797,0.0132,0.0132
13.11.2023 06:43:22.424 GMT-0800,33.824,33.796,0.0132,0.0132
13.11.2023 06:43:22.474 GMT-0800,33.813,33.797,0.0009,0.0132
13.11.2023 06:43:22.736 GMT-0800,33.813,33.787,0.0132,0.0132
13.11.2023 06:43:23.575 GMT-0800,33.814,33.786,0.0132,0.0112
13.11.2023 06:43:23.727 GMT-0800,33.814,33.786,0.0132,0.0132
13.11.2023 06:43:23.777 GMT-0800,33.814,33.796,0.0132,0.0132
13.11.2023 06:43:27.979 GMT-0800,33.823,33.807,0.0132,0.0132
13.11.2023 06:43:28.030 GMT-0800,33.823,33.797,0.0132,0.0132
13.11.2023 06:43:28.099 GMT-0800,33.823,33.797,0.0132,0.0112
13.11.2023 06:43:31.412 GMT-0800,33.814,33.796,0.0132,0.0132
13.11.2023 06:43:32.369 GMT-0800,33.824,33.806,0.0132,0.0132
13.11.2023 06:43:32.739 GMT-0800,33.824,33.796,0.0132,0.0132
13.11.2023 06:43:32.918 GMT-0800,33.823,33.797,0.0132,0.0112
13.11.2023 06:43:34.690 GMT-0800,33.824,33.796,0.0132,0.0132
13.11.2023 06:43:34.741 GMT-0800,33.824,33.806,0.0132,0.0132
13.11.2023 06:43:37.546 GMT-0800,33.823,33.797,0.0132,0.0132
13.11.2023 06:43:37.771 GMT-0800,33.824,33.796,0.0132,0.0112
13.11.2023 06:43:39.414 GMT-0800,33.823,33.797,0.0132,0.0132
13.11.2023 06:43:39.547 GMT-0800,33.814,33.796,0.0009,0.0132
13.11.2023 06:43:39.598 GMT-0800,33.823,33.797,0.0132,0.0132
13.11.2023 06:43:39.654 GMT-0800,33.823,33.797,0.0132,0.0112
13.11.2023 06:43:42.480 GMT-0800,33.834,33.806,0.0132,0.0132
13.11.2023 06:43:43.652 GMT-0800,33.823,33.807,0.0009,0.0132
13.11.2023 06:43:45.160 GMT-0800,33.834,33.806,0.0132,0.0132
13.11.2023 06:43:45.277 GMT-0800,33.823,33.807,0.0009,0.0132
13.11.2023 06:43:45.881 GMT-0800,33.824,33.806,0.009,0.0112
13.11.2023 06:43:45.932 GMT-0800,33.824,33.806,0.009,0.0132
13.11.2023 06:43:46.041 GMT-0800,33.833000000000006,33.807,0.0132,0.0132
13.11.2023 06:43:47.236 GMT-0800,33.834,33.806,0.0132,0.0112
13.11.2023 06:43:48.265 GMT-0800,33.834,33.806,0.0132,0.0132
13.11.2023 06:43:49.152 GMT-0800,33.833000000000006,33.807,0.0132,0.0112
13.11.2023 06:43:50.403 GMT-0800,33.854,33.826,0.0132,0.0132
13.11.2023 06:43:51.728 GMT-0800,33.854,33.826,0.0132,0.0112
13.11.2023 06:43:51.829 GMT-0800,33.863,33.836999999999996,0.0132,0.0132
13.11.2023 06:43:52.551 GMT-0800,33.854,33.836,0.0009,0.0132
13.11.2023 06:43:53.487 GMT-0800,33.864000000000004,33.836,0.0132,0.0132
13.11.2023 06:43:53.930 GMT-0800,33.854,33.836,0.0009,0.0132
13.11.2023 06:43:53.981 GMT-0800,33.853,33.827,0.0132,0.0132
13.11.2023 06:43:54.032 GMT-0800,33.853,33.836999999999996,0.0132,0.0132
13.11.2023 06:43:54.344 GMT-0800,33.854,33.826,0.0132,0.0132
13.11.2023 06:43:54.799 GMT-0800,33.853,33.827,0.0132,0.0112
13.11.2023 06:43:55.615 GMT-0800,33.863,33.836999999999996,0.0132,0.0132
13.11.2023 06:43:56.623 GMT-0800,33.854,33.836,0.0009,0.0132
13.11.2023 06:43:56.863 GMT-0800,33.853,33.836999999999996,0.009,0.0112
13.11.2023 06:43:56.914 GMT-0800,33.864000000000004,33.846,0.0132,0.0132
13.11.2023 06:44:00.003 GMT-0800,33.853,33.847,0.0009,0.009
13.11.2023 06:44:00.054 GMT-0800,33.844,33.826,0.0132,0.0132
13.11.2023 06:44:02.143 GMT-0800,33.844,33.816,0.0132,0.0132
13.11.2023 06:44:02.244 GMT-0800,33.834,33.816,0.0009,0.0132
13.11.2023 06:44:02.396 GMT-0800,33.843,33.817,0.0132,0.0132
13.11.2023 06:44:02.574 GMT-0800,33.833000000000006,33.817,0.0009,0.0132
13.11.2023 06:44:02.625 GMT-0800,33.844,33.816,0.0132,0.0132
13.11.2023 06:44:03.108 GMT-0800,33.834,33.816,0.0009,0.0132
13.11.2023 06:44:03.826 GMT-0800,33.843,33.817,0.0132,0.0132
13.11.2023 06:44:04.096 GMT-0800,33.834,33.816,0.0009,0.0132
13.11.2023 06:44:06.615 GMT-0800,33.844,33.816,0.0132,0.0132
13.11.2023 06:44:06.742 GMT-0800,33.843,33.817,0.0132,0.0112
13.11.2023 06:44:07.403 GMT-0800,33.843,33.827,0.009,0.0112
13.11.2023 06:44:07.467 GMT-0800,33.853,33.836999999999996,0.0132,0.0132
13.11.2023 06:44:09.229 GMT-0800,33.854,33.826,0.0132,0.0132
13.11.2023 06:44:09.906 GMT-0800,33.844,33.826,0.0009,0.0132
13.11.2023 06:44:10.573 GMT-0800,33.843,33.817,0.0132,0.0132
13.11.2023 06:44:11.077 GMT-0800,33.834,33.816,0.0009,0.0132
13.11.2023 06:44:11.178 GMT-0800,33.844,33.826,0.0132,0.0132
13.11.2023 06:44:12.168 GMT-0800,33.853,33.827,0.0132,0.0132
13.11.2023 06:44:13.006 GMT-0800,33.853,33.827,0.0132,0.0112
13.11.2023 06:44:13.917 GMT-0800,33.854,33.826,0.0132,0.0132
13.11.2023 06:44:14.110 GMT-0800,33.853,33.827,0.0132,0.0112
13.11.2023 06:44:15.995 GMT-0800,33.854,33.826,0.0132,0.0132
13.11.2023 06:44:16.308 GMT-0800,33.853,33.827,0.0132,0.0112
13.11.2023 06:44:19.534 GMT-0800,33.864000000000004,33.836,0.0132,0.0132
13.11.2023 06:44:20.753 GMT-0800,33.854,33.836,0.0009,0.0132
13.11.2023 06:44:23.638 GMT-0800,33.864000000000004,33.846,0.0132,0.0132
13.11.2023 06:44:24.496 GMT-0800,33.864000000000004,33.836,0.0132,0.0132
13.11.2023 06:44:25.238 GMT-0800,33.864000000000004,33.836,0.0132,0.0112
13.11.2023 06:44:26.374 GMT-0800,33.863,33.836999999999996,0.0132,0.0132
13.11.2023 06:44:26.582 GMT-0800,33.863,33.836999999999996,0.0132,0.0112
13.11.2023 06:44:27.093 GMT-0800,33.874,33.846,0.0132,0.0132
13.11.2023 06:44:29.492 GMT-0800,33.863,33.847,0.0009,0.0132
13.11.2023 06:44:29.643 GMT-0800,33.864000000000004,33.836,0.0132,0.0132
13.11.2023 06:44:30.940 GMT-0800,33.863,33.836999999999996,0.0132,0.0112
13.11.2023 06:44:31.042 GMT-0800,33.874,33.846,0.0132,0.0132
13.11.2023 06:44:33.163 GMT-0800,33.873000000000005,33.847,0.0132,0.0112
13.11.2023 06:44:34.142 GMT-0800,33.874,33.846,0.0132,0.0132
13.11.2023 06:44:34.232 GMT-0800,33.874,33.846,0.0132,0.0112
13.11.2023 06:44:36.715 GMT-0800,33.864000000000004,33.846,0.0009,0.0132
13.11.2023 06:44:37.319 GMT-0800,33.863,33.836999999999996,0.0132,0.0132
13.11.2023 06:44:37.617 GMT-0800,33.864000000000004,33.836,0.0132,0.0112
13.11.2023 06:44:38.007 GMT-0800,33.864000000000004,33.836,0.0132,0.0132
13.11.2023 06:44:38.292 GMT-0800,33.863,33.836999999999996,0.0132,0.0112
13.11.2023 06:44:38.444 GMT-0800,33.863,33.836999999999996,0.0132,0.0132
13.11.2023 06:44:38.750 GMT-0800,33.863,33.836999999999996,0.0132,0.0112
13.11.2023 06:44:39.035 GMT-0800,33.873000000000005,33.847,0.0132,0.0132
13.11.2023 06:44:39.842 GMT-0800,33.864000000000004,33.846,0.0009,0.0132
13.11.2023 06:44:39.993 GMT-0800,33.874,33.846,0.0132,0.0132
13.11.2023 06:44:40.302 GMT-0800,33.864000000000004,33.846,0.0009,0.0132
13.11.2023 06:44:40.850 GMT-0800,33.874,33.846,0.0132,0.0132
13.11.2023 06:44:40.930 GMT-0800,33.863,33.847,0.0009,0.0132
13.11.2023 06:44:40.980 GMT-0800,33.863,33.836999999999996,0.0132,0.0132
13.11.2023 06:44:42.589 GMT-0800,33.863,33.836999999999996,0.0132,0.0112
13.11.2023 06:44:43.360 GMT-0800,33.863,33.836999999999996,0.0132,0.0132
13.11.2023 06:44:44.969 GMT-0800,33.863,33.836999999999996,0.0132,0.0112
13.11.2023 06:44:45.251 GMT-0800,33.863,33.836999999999996,0.0132,0.0132
13.11.2023 06:44:46.701 GMT-0800,33.853,33.836999999999996,0.0009,0.0132
13.11.2023 06:44:47.785 GMT-0800,33.844,33.836,0.0009,0.009
13.11.2023 06:44:47.836 GMT-0800,33.844,33.826,0.0132,0.0132
13.11.2023 06:44:48.709 GMT-0800,33.834,33.826,0.0009,0.009
13.11.2023 06:44:48.759 GMT-0800,33.833000000000006,33.817,0.0132,0.0132
13.11.2023 06:44:49.073 GMT-0800,33.834,33.806,0.0132,0.0132
13.11.2023 06:44:49.331 GMT-0800,33.834,33.806,0.0132,0.0112
13.11.2023 06:44:50.147 GMT-0800,33.844,33.826,0.0132,0.0132
13.11.2023 06:44:50.197 GMT-0800,33.843,33.817,0.0132,0.0132
13.11.2023 06:44:50.307 GMT-0800,33.844,33.816,0.0132,0.0112
13.11.2023 06:44:51.231 GMT-0800,33.853,33.827,0.0132,0.0132
13.11.2023 06:44:51.455 GMT-0800,33.843,33.827,0.0009,0.0132
13.11.2023 06:44:51.557 GMT-0800,33.854,33.826,0.0132,0.0132
13.11.2023 06:44:51.812 GMT-0800,33.844,33.826,0.0009,0.0132
13.11.2023 06:45:00.057 GMT-0800,33.844,33.826,0.009,0.0112
13.11.2023 06:45:00.209 GMT-0800,33.854,33.836,0.0132,0.0132
13.11.2023 06:45:00.880 GMT-0800,33.863,33.836999999999996,0.0132,0.0132
13.11.2023 06:45:01.031 GMT-0800,33.864000000000004,33.836,0.0132,0.0112
13.11.2023 06:45:01.082 GMT-0800,33.863,33.836999999999996,0.0132,0.0132
13.11.2023 06:45:01.132 GMT-0800,33.864000000000004,33.836,0.0132,0.0112
13.11.2023 06:45:01.708 GMT-0800,33.873000000000005,33.857,0.0132,0.0132
13.11.2023 06:45:02.202 GMT-0800,33.873000000000005,33.847,0.0132,0.0132
13.11.2023 06:45:02.252 GMT-0800,33.873000000000005,33.857,0.0132,0.0132
13.11.2023 06:45:04.189 GMT-0800,33.873000000000005,33.847,0.0132,0.0132
13.11.2023 06:45:04.433 GMT-0800,33.863,33.847,0.0009,0.0132
13.11.2023 06:45:04.584 GMT-0800,33.874,33.846,0.0132,0.0132
13.11.2023 06:45:05.058 GMT-0800,33.863,33.847,0.0009,0.0132
13.11.2023 06:45:05.675 GMT-0800,33.894,33.866,0.0132,0.0132
13.11.2023 06:45:06.412 GMT-0800,33.883,33.867,0.0009,0.0132
13.11.2023 06:45:06.820 GMT-0800,33.874,33.856,0.0132,0.0132
13.11.2023 06:45:06.980 GMT-0800,33.874,33.836,0.0132,0.0132
13.11.2023 06:45:07.146 GMT-0800,33.874,33.836,0.0132,0.0112
13.11.2023 06:45:07.300 GMT-0800,33.874,33.836,0.0132,0.0132
13.11.2023 06:45:07.392 GMT-0800,33.873000000000005,33.836999999999996,0.0132,0.0112
13.11.2023 06:45:07.557 GMT-0800,33.874,33.846,0.0132,0.009
13.11.2023 06:45:07.608 GMT-0800,33.874,33.836,0.0132,0.0132
13.11.2023 06:45:07.759 GMT-0800,33.873000000000005,33.836999999999996,0.0132,0.0112
13.11.2023 06:45:08.184 GMT-0800,33.873000000000005,33.836999999999996,0.0132,0.0132
13.11.2023 06:45:08.547 GMT-0800,33.864000000000004,33.836,0.0009,0.0112
13.11.2023 06:45:08.597 GMT-0800,33.874,33.836,0.0132,0.0112
13.11.2023 06:45:08.698 GMT-0800,33.873000000000005,33.857,0.0132,0.0132
13.11.2023 06:45:08.902 GMT-0800,33.874,33.846,0.0132,0.0132
13.11.2023 06:45:09.545 GMT-0800,33.874,33.846,0.0132,0.0112
13.11.2023 06:45:09.596 GMT-0800,33.873000000000005,33.847,0.0132,0.0132
13.11.2023 06:45:10.087 GMT-0800,33.873000000000005,33.847,0.0132,0.0112
13.11.2023 06:45:10.138 GMT-0800,33.874,33.846,0.0132,0.0132
13.11.2023 06:45:10.207 GMT-0800,33.874,33.846,0.0132,0.0112
13.11.2023 06:45:11.805 GMT-0800,33.874,33.846,0.0132,0.0132
13.11.2023 06:45:12.504 GMT-0800,33.874,33.846,0.0132,0.0112
13.11.2023 06:45:13.069 GMT-0800,33.874,33.846,0.0132,0.0132
13.11.2023 06:45:13.120 GMT-0800,33.874,33.846,0.0132,0.0112
13.11.2023 06:45:13.724 GMT-0800,33.874,33.846,0.0132,0.0132
13.11.2023 06:45:13.774 GMT-0800,33.873000000000005,33.857,0.0132,0.0132
13.11.2023 06:45:17.880 GMT-0800,33.883,33.867,0.0132,0.0132
13.11.2023 06:45:34.594 GMT-0800,33.903000000000006,33.887,0.0132,0.0132
13.11.2023 06:45:34.695 GMT-0800,33.904,33.876,0.0132,0.0132
13.11.2023 06:45:34.929 GMT-0800,33.894,33.876,0.0009,0.0132
13.11.2023 06:45:34.980 GMT-0800,33.893,33.867,0.0132,0.0132
13.11.2023 06:45:35.085 GMT-0800,33.883,33.867,0.0009,0.0132
13.11.2023 06:45:35.338 GMT-0800,33.894,33.866,0.0132,0.0132
13.11.2023 06:45:35.895 GMT-0800,33.883,33.867,0.0009,0.0132
13.11.2023 06:45:38.617 GMT-0800,33.883,33.857,0.0132,0.0132
13.11.2023 06:45:39.089 GMT-0800,33.883,33.857,0.0132,0.0112
13.11.2023 06:45:40.929 GMT-0800,33.883,33.857,0.0132,0.0132
13.11.2023 06:45:42.142 GMT-0800,33.884,33.856,0.0132,0.0112
13.11.2023 06:45:43.442 GMT-0800,33.894,33.866,0.0132,0.0132
13.11.2023 06:45:43.576 GMT-0800,33.884,33.866,0.0009,0.0132
13.11.2023 06:45:43.825 GMT-0800,33.884,33.856,0.0132,0.0132
13.11.2023 06:45:44.268 GMT-0800,33.884,33.866,0.0132,0.0132
13.11.2023 06:45:44.319 GMT-0800,33.884,33.856,0.0132,0.0132
13.11.2023 06:45:44.520 GMT-0800,33.884,33.856,0.0132,0.0112
13.11.2023 06:45:44.571 GMT-0800,33.894,33.866,0.0132,0.0132
13.11.2023 06:45:44.672 GMT-0800,33.883,33.867,0.009,0.0132
13.11.2023 06:45:44.723 GMT-0800,33.893,33.867,0.0132,0.0132
13.11.2023 06:45:45.552 GMT-0800,33.884,33.866,0.0009,0.0132
13.11.2023 06:45:47.212 GMT-0800,33.883,33.857,0.0132,0.0132
13.11.2023 06:45:47.728 GMT-0800,33.884,33.856,0.0132,0.0112
13.11.2023 06:45:48.116 GMT-0800,33.883,33.857,0.0132,0.0132
13.11.2023 06:45:49.295 GMT-0800,33.884,33.856,0.0132,0.0112
13.11.2023 06:45:52.193 GMT-0800,33.893,33.867,0.0132,0.0132
13.11.2023 06:45:52.303 GMT-0800,33.884,33.866,0.0009,0.0132
13.11.2023 06:45:52.464 GMT-0800,33.893,33.867,0.0132,0.0132
13.11.2023 06:45:53.214 GMT-0800,33.884,33.866,0.0009,0.0132
13.11.2023 06:45:53.367 GMT-0800,33.894,33.866,0.0132,0.0132
13.11.2023 06:45:57.167 GMT-0800,33.883,33.857,0.0132,0.0132
13.11.2023 06:45:57.322 GMT-0800,33.883,33.857,0.0132,0.0112
13.11.2023 06:45:57.796 GMT-0800,33.883,33.857,0.0132,0.0132
13.11.2023 06:45:58.108 GMT-0800,33.883,33.857,0.0132,0.0112
13.11.2023 06:45:58.260 GMT-0800,33.883,33.857,0.0132,0.0132
13.11.2023 06:45:58.511 GMT-0800,33.884,33.856,0.0132,0.0112
13.11.2023 06:46:01.366 GMT-0800,33.884,33.856,0.0132,0.0132
13.11.2023 06:46:01.641 GMT-0800,33.884,33.856,0.0132,0.0112
13.11.2023 06:46:03.058 GMT-0800,33.884,33.866,0.009,0.0112
13.11.2023 06:46:03.109 GMT-0800,33.904,33.886,0.0132,0.0132
13.11.2023 06:46:03.371 GMT-0800,33.913000000000004,33.887,0.0132,0.0132
13.11.2023 06:46:04.078 GMT-0800,33.904,33.886,0.0009,0.0132
13.11.2023 06:46:04.307 GMT-0800,33.903000000000006,33.876999999999995,0.0132,0.0132
13.11.2023 06:46:04.358 GMT-0800,33.904,33.886,0.0132,0.0132
13.11.2023 06:46:05.072 GMT-0800,33.893,33.887,0.0009,0.009
13.11.2023 06:46:05.122 GMT-0800,33.893,33.876999999999995,0.0132,0.0132
13.11.2023 06:46:07.200 GMT-0800,33.884,33.876,0.0009,0.009
13.11.2023 06:46:07.251 GMT-0800,33.884,33.866,0.0132,0.0132
13.11.2023 06:46:07.785 GMT-0800,33.893,33.867,0.0132,0.0132
13.11.2023 06:46:08.106 GMT-0800,33.883,33.867,0.0009,0.0132
13.11.2023 06:46:09.773 GMT-0800,33.893,33.867,0.0132,0.0132
13.11.2023 06:46:11.379 GMT-0800,33.893,33.867,0.0132,0.0112
13.11.2023 06:46:16.513 GMT-0800,33.894,33.876,0.009,0.0112
13.11.2023 06:46:16.563 GMT-0800,33.903000000000006,33.887,0.0132,0.0132
13.11.2023 06:46:22.925 GMT-0800,33.903000000000006,33.876999999999995,0.0132,0.0132
13.11.2023 06:46:23.177 GMT-0800,33.903000000000006,33.876999999999995,0.0132,0.0112
13.11.2023 06:46:27.674 GMT-0800,33.904,33.886,0.009,0.0112
13.11.2023 06:46:27.753 GMT-0800,33.914,33.896,0.0132,0.0132
13.11.2023 06:46:31.252 GMT-0800,33.924,33.906,0.0132,0.0132
13.11.2023 06:46:34.517 GMT-0800,33.914,33.906,0.0009,0.009
13.11.2023 06:46:34.618 GMT-0800,33.924,33.906,0.012,0.009
13.11.2023 06:46:34.814 GMT-0800,33.903000000000006,33.887,0.0132,0.0132
13.11.2023 06:46:42.028 GMT-0800,33.903000000000006,33.887,0.009,0.0112
13.11.2023 06:46:42.079 GMT-0800,33.924,33.896,0.0132,0.0132
13.11.2023 06:46:42.130 GMT-0800,33.913000000000004,33.897,0.0132,0.0132
13.11.2023 06:46:43.358 GMT-0800,33.914,33.896,0.009,0.0112
13.11.2023 06:46:43.408 GMT-0800,33.923,33.907,0.0132,0.0132
13.11.2023 06:46:47.252 GMT-0800,33.923,33.907,0.009,0.0112
13.11.2023 06:46:47.303 GMT-0800,33.934000000000005,33.916,0.0132,0.0132
13.11.2023 06:46:48.779 GMT-0800,33.924,33.916,0.0009,0.009
13.11.2023 06:46:48.830 GMT-0800,33.934000000000005,33.906,0.0132,0.0132
13.11.2023 06:46:49.445 GMT-0800,33.924,33.906,0.0009,0.0132
13.11.2023 06:46:51.980 GMT-0800,33.934000000000005,33.916,0.0132,0.0132
13.11.2023 06:46:52.262 GMT-0800,33.944,33.916,0.0132,0.0132
13.11.2023 06:46:52.358 GMT-0800,33.943000000000005,33.917,0.0132,0.0112
13.11.2023 06:46:54.140 GMT-0800,33.954,33.926,0.0132,0.0132
13.11.2023 06:46:55.430 GMT-0800,33.944,33.926,0.0009,0.0132
13.11.2023 06:46:55.481 GMT-0800,33.954,33.926,0.0132,0.0132
13.11.2023 06:46:55.808 GMT-0800,33.954,33.936,0.0132,0.0132
13.11.2023 06:46:55.979 GMT-0800,33.964,33.936,0.0132,0.0132
13.11.2023 06:46:56.052 GMT-0800,33.953,33.937,0.0009,0.0132
13.11.2023 06:46:57.265 GMT-0800,33.943000000000005,33.937,0.0009,0.009
13.11.2023 06:46:57.316 GMT-0800,33.954,33.926,0.0132,0.0132
13.11.2023 06:46:57.444 GMT-0800,33.943000000000005,33.927,0.0009,0.0132
13.11.2023 06:46:59.484 GMT-0800,33.954,33.926,0.0132,0.0132
13.11.2023 06:47:00.493 GMT-0800,33.943000000000005,33.927,0.0132,0.0132
13.11.2023 06:47:02.697 GMT-0800,33.943000000000005,33.917,0.0132,0.0132
13.11.2023 06:47:02.752 GMT-0800,33.943000000000005,33.917,0.0132,0.0112
13.11.2023 06:47:03.047 GMT-0800,33.944,33.916,0.0132,0.0132
13.11.2023 06:47:03.368 GMT-0800,33.944,33.926,0.0132,0.0132
13.11.2023 06:47:03.582 GMT-0800,33.944,33.916,0.0132,0.0132
13.11.2023 06:47:04.155 GMT-0800,33.933,33.917,0.0009,0.0132
13.11.2023 06:47:06.598 GMT-0800,33.934000000000005,33.906,0.0132,0.0132
13.11.2023 06:47:06.661 GMT-0800,33.933,33.907,0.0132,0.0112
13.11.2023 06:47:06.914 GMT-0800,33.933,33.907,0.0132,0.0132
13.11.2023 06:47:08.269 GMT-0800,33.933,33.917,0.0132,0.0132
13.11.2023 06:47:08.668 GMT-0800,33.933,33.907,0.0132,0.0132
13.11.2023 06:47:08.782 GMT-0800,33.934000000000005,33.916,0.0132,0.0132
13.11.2023 06:47:09.577 GMT-0800,33.934000000000005,33.906,0.0132,0.0132
13.11.2023 06:47:09.660 GMT-0800,33.933,33.907,0.0132,0.0112
13.11.2023 06:47:10.357 GMT-0800,33.933,33.907,0.0132,0.0132
13.11.2023 06:47:11.979 GMT-0800,33.943000000000005,33.917,0.0132,0.0132
13.11.2023 06:47:14.321 GMT-0800,33.944,33.916,0.0132,0.0112
13.11.2023 06:47:15.874 GMT-0800,33.943000000000005,33.927,0.009,0.0112
13.11.2023 06:47:15.925 GMT-0800,33.954,33.936,0.0132,0.0132
13.11.2023 06:47:17.339 GMT-0800,33.953,33.937,0.009,0.0112
13.11.2023 06:47:17.390 GMT-0800,33.963,33.946999999999996,0.0132,0.0132
13.11.2023 06:47:17.538 GMT-0800,33.973,33.946999999999996,0.0132,0.0132
13.11.2023 06:47:18.046 GMT-0800,33.984,33.946,0.0132,0.0132
13.11.2023 06:47:18.466 GMT-0800,33.973,33.946999999999996,0.0009,0.0132
13.11.2023 06:47:18.567 GMT-0800,33.964,33.946,0.0132,0.0132
13.11.2023 06:47:18.668 GMT-0800,33.974000000000004,33.946,0.0132,0.0132
13.11.2023 06:47:20.100 GMT-0800,33.984,33.946,0.0132,0.0132
13.11.2023 06:47:20.267 GMT-0800,33.963,33.946999999999996,0.0009,0.0132
13.11.2023 06:47:20.589 GMT-0800,33.973,33.946999999999996,0.0132,0.0132
13.11.2023 06:47:21.353 GMT-0800,33.973,33.946999999999996,0.0132,0.0112
13.11.2023 06:47:31.089 GMT-0800,33.993,33.967,0.0132,0.0132
13.11.2023 06:47:32.547 GMT-0800,33.984,33.966,0.0009,0.0132
13.11.2023 06:47:33.460 GMT-0800,33.983000000000004,33.957,0.0132,0.0132
13.11.2023 06:47:33.603 GMT-0800,33.973,33.957,0.0009,0.0132
13.11.2023 06:47:33.704 GMT-0800,33.983000000000004,33.957,0.0132,0.0132
13.11.2023 06:47:33.895 GMT-0800,33.974000000000004,33.956,0.0009,0.0132
13.11.2023 06:47:34.767 GMT-0800,33.983000000000004,33.957,0.0132,0.0132
13.11.2023 06:47:34.885 GMT-0800,33.974000000000004,33.956,0.0009,0.0132
13.11.2023 06:47:35.094 GMT-0800,33.964,33.956,0.0009,0.009
13.11.2023 06:47:35.178 GMT-0800,33.963,33.946999999999996,0.0132,0.0132
13.11.2023 06:47:36.260 GMT-0800,33.953,33.937,0.0132,0.0132
13.11.2023 06:47:37.089 GMT-0800,33.954,33.926,0.0132,0.0132
13.11.2023 06:47:40.099 GMT-0800,33.953,33.937,0.0132,0.0132
13.11.2023 06:47:47.502 GMT-0800,33.944,33.926,0.0009,0.0132
13.11.2023 06:47:47.604 GMT-0800,33.953,33.927,0.0132,0.0132
13.11.2023 06:47:47.655 GMT-0800,33.953,33.937,0.0132,0.0132
13.11.2023 06:47:48.681 GMT-0800,33.953,33.927,0.0132,0.0132
13.11.2023 06:47:51.441 GMT-0800,33.944,33.926,0.0009,0.0132
13.11.2023 06:47:52.557 GMT-0800,33.943000000000005,33.927,0.009,0.0112
13.11.2023 06:47:52.607 GMT-0800,33.963,33.937,0.0132,0.0132
13.11.2023 06:47:52.658 GMT-0800,33.964,33.946,0.009,0.0132
13.11.2023 06:47:52.709 GMT-0800,33.974000000000004,33.946,0.0132,0.0132
13.11.2023 06:47:53.229 GMT-0800,33.964,33.946,0.0009,0.0132
13.11.2023 06:47:56.318 GMT-0800,33.963,33.937,0.0132,0.0132
13.11.2023 06:47:56.474 GMT-0800,33.953,33.937,0.0009,0.0132
13.11.2023 06:47:56.525 GMT-0800,33.964,33.936,0.0132,0.0132
13.11.2023 06:47:57.529 GMT-0800,33.954,33.936,0.0009,0.0132
13.11.2023 06:47:57.580 GMT-0800,33.934000000000005,33.916,0.0132,0.0132
13.11.2023 06:47:57.682 GMT-0800,33.934000000000005,33.906,0.0132,0.0132
13.11.2023 06:47:57.942 GMT-0800,33.934000000000005,33.906,0.0132,0.0112
13.11.2023 06:47:58.094 GMT-0800,33.933,33.907,0.0132,0.0132
13.11.2023 06:48:00.036 GMT-0800,33.934000000000005,33.906,0.0132,0.0112
13.11.2023 06:48:00.087 GMT-0800,33.933,33.907,0.0132,0.0132
13.11.2023 06:48:01.319 GMT-0800,33.923,33.907,0.0009,0.0132
13.11.2023 06:48:01.420 GMT-0800,33.933,33.907,0.0132,0.0132
13.11.2023 06:48:01.902 GMT-0800,33.923,33.907,0.0009,0.0132
13.11.2023 06:48:04.594 GMT-0800,33.923,33.907,0.009,0.0112
13.11.2023 06:48:04.695 GMT-0800,33.944,33.916,0.0132,0.0132
13.11.2023 06:48:04.746 GMT-0800,33.934000000000005,33.916,0.0132,0.0132
13.11.2023 06:48:05.969 GMT-0800,33.933,33.917,0.009,0.0112
13.11.2023 06:48:06.020 GMT-0800,33.954,33.926,0.0132,0.0132
13.11.2023 06:48:06.071 GMT-0800,33.944,33.926,0.0009,0.0132
13.11.2023 06:48:15.354 GMT-0800,33.944,33.926,0.009,0.0112
13.11.2023 06:48:15.405 GMT-0800,33.963,33.937,0.0132,0.0132
13.11.2023 06:48:15.455 GMT-0800,33.954,33.936,0.0132,0.0132
13.11.2023 06:48:22.024 GMT-0800,33.964,33.946,0.0132,0.0132
13.11.2023 06:48:25.604 GMT-0800,33.963,33.946999999999996,0.009,0.0112
13.11.2023 06:48:25.655 GMT-0800,33.974000000000004,33.956,0.0132,0.0132
13.11.2023 06:48:26.145 GMT-0800,33.943000000000005,33.927,0.0132,0.0132
13.11.2023 06:48:26.504 GMT-0800,33.954,33.926,0.0132,0.0132
13.11.2023 06:48:26.681 GMT-0800,33.944,33.926,0.0132,0.0132
13.11.2023 06:48:26.806 GMT-0800,33.933,33.917,0.009,0.0132
13.11.2023 06:48:26.857 GMT-0800,33.944,33.916,0.0132,0.0132
13.11.2023 06:48:26.908 GMT-0800,33.943000000000005,33.927,0.0132,0.0132
13.11.2023 06:48:27.720 GMT-0800,33.954,33.926,0.0132,0.0132
13.11.2023 06:48:29.616 GMT-0800,33.944,33.926,0.0132,0.0132
13.11.2023 06:48:33.235 GMT-0800,33.943000000000005,33.917,0.0132,0.0132
13.11.2023 06:48:34.013 GMT-0800,33.943000000000005,33.917,0.0132,0.0112
13.11.2023 06:48:34.169 GMT-0800,33.943000000000005,33.917,0.0132,0.0132
13.11.2023 06:48:34.220 GMT-0800,33.944,33.916,0.0132,0.0112
13.11.2023 06:48:34.830 GMT-0800,33.944,33.916,0.0132,0.0132
13.11.2023 06:48:35.131 GMT-0800,33.944,33.916,0.0132,0.0112
13.11.2023 06:48:35.233 GMT-0800,33.943000000000005,33.917,0.0132,0.0132
13.11.2023 06:48:35.436 GMT-0800,33.944,33.916,0.0132,0.0112
