Local time,Ask,Bid,AskVolume,BidVolume
13.11.2023 06:30:01.954 GMT-0800,118.624,117.08600000000001,0.0132,0.0132
13.11.2023 06:30:02.084 GMT-0800,118.363,117.087,0.0009,0.0132
13.11.2023 06:30:02.364 GMT-0800,118.283,117.087,0.0009,0.0132
13.11.2023 06:30:02.528 GMT-0800,118.28399999999999,117.08600000000001,0.0009,0.0112
13.11.2023 06:30:02.580 GMT-0800,118.283,117.087,0.0132,0.0132
13.11.2023 06:30:02.631 GMT-0800,118.113,117.087,0.0009,0.0132
13.11.2023 06:30:02.804 GMT-0800,118.114,117.08600000000001,0.0132,0.0112
13.11.2023 06:30:02.923 GMT-0800,118.114,117.08600000000001,0.0132,0.0112
13.11.2023 06:30:03.112 GMT-0800,118.113,117.087,0.0132,0.0112
13.11.2023 06:30:03.294 GMT-0800,118.114,117.08600000000001,0.0132,0.0132
13.11.2023 06:30:03.494 GMT-0800,118.114,117.08600000000001,0.0132,0.0112
13.11.2023 06:30:03.545 GMT-0800,118.113,117.087,0.0132,0.0132
13.11.2023 06:30:03.689 GMT-0800,118.113,117.087,0.0132,0.0112
13.11.2023 06:30:03.740 GMT-0800,118.113,117.087,0.0132,0.0132
13.11.2023 06:30:04.416 GMT-0800,118.094,117.08600000000001,0.0009,0.0132
13.11.2023 06:30:04.779 GMT-0800,118.12299999999999,117.087,0.0132,0.0132
13.11.2023 06:30:05.134 GMT-0800,118.12299999999999,117.087,0.0132,0.0112
13.11.2023 06:30:05.235 GMT-0800,118.094,117.41600000000001,0.0132,0.0132
13.11.2023 06:30:06.151 GMT-0800,118.04299999999999,117.41700000000002,0.0009,0.0132
13.11.2023 06:30:06.375 GMT-0800,118.083,117.41700000000002,0.0009,0.0132
13.11.2023 06:30:06.658 GMT-0800,118.044,117.41600000000001,0.0009,0.0132
13.11.2023 06:30:06.986 GMT-0800,118.044,117.41600000000001,0.0132,0.0112
13.11.2023 06:30:07.236 GMT-0800,118.044,117.41600000000001,0.0132,0.0132
13.11.2023 06:30:07.755 GMT-0800,118.044,117.41600000000001,0.0132,0.0112
13.11.2023 06:30:07.806 GMT-0800,118.044,117.41600000000001,0.0132,0.0132
13.11.2023 06:30:08.079 GMT-0800,118.124,117.41600000000001,0.0132,0.0132
13.11.2023 06:30:08.393 GMT-0800,118.124,117.41600000000001,0.0132,0.0112
13.11.2023 06:30:08.709 GMT-0800,118.124,117.41600000000001,0.0132,0.0132
13.11.2023 06:30:09.698 GMT-0800,118.12299999999999,117.41700000000002,0.0132,0.0112
13.11.2023 06:30:09.851 GMT-0800,118.124,117.41600000000001,0.0132,0.0132
13.11.2023 06:30:10.354 GMT-0800,118.12299999999999,117.41700000000002,0.0132,0.0112
13.11.2023 06:30:10.612 GMT-0800,118.124,117.41600000000001,0.0132,0.0132
13.11.2023 06:30:12.520 GMT-0800,118.12299999999999,117.41700000000002,0.0132,0.0112
13.11.2023 06:30:12.621 GMT-0800,118.124,117.41600000000001,0.0132,0.0132
13.11.2023 06:30:13.270 GMT-0800,118.124,117.41600000000001,0.0132,0.0112
13.11.2023 06:30:13.460 GMT-0800,118.124,117.41600000000001,0.0132,0.0132
13.11.2023 06:30:15.289 GMT-0800,118.124,117.41600000000001,0.0132,0.0112
13.11.2023 06:30:15.495 GMT-0800,118.124,117.626,0.0132,0.0132
13.11.2023 06:30:15.791 GMT-0800,118.124,117.626,0.0132,0.0112
13.11.2023 06:30:16.287 GMT-0800,118.124,117.66600000000001,0.0132,0.0112
13.11.2023 06:30:21.820 GMT-0800,118.12299999999999,117.73700000000001,0.009,0.0112
13.11.2023 06:30:21.870 GMT-0800,118.624,117.74600000000001,0.0132,0.0132
13.11.2023 06:30:23.501 GMT-0800,118.173,117.74700000000001,0.0009,0.0132
13.11.2023 06:30:24.026 GMT-0800,118.134,117.74600000000001,0.0009,0.0132
13.11.2023 06:30:24.749 GMT-0800,118.173,117.74700000000001,0.0132,0.0132
13.11.2023 06:30:26.128 GMT-0800,118.133,117.74700000000001,0.0009,0.0132
13.11.2023 06:30:26.558 GMT-0800,118.17399999999999,117.74600000000001,0.0132,0.0132
13.11.2023 06:30:29.823 GMT-0800,118.173,117.74700000000001,0.009,0.0112
13.11.2023 06:30:29.874 GMT-0800,118.62299999999999,117.79700000000001,0.0132,0.0132
13.11.2023 06:30:32.820 GMT-0800,118.354,117.796,0.0009,0.0132
13.11.2023 06:30:32.871 GMT-0800,118.364,117.796,0.009,0.0132
13.11.2023 06:30:32.922 GMT-0800,118.404,117.796,0.0132,0.0132
13.11.2023 06:30:33.023 GMT-0800,118.62299999999999,117.79700000000001,0.0132,0.0132
13.11.2023 06:30:35.906 GMT-0800,118.404,117.796,0.0132,0.0132
13.11.2023 06:30:38.375 GMT-0800,118.704,117.796,0.0132,0.0132
13.11.2023 06:30:39.083 GMT-0800,118.364,117.796,0.0009,0.0132
13.11.2023 06:30:39.890 GMT-0800,118.40299999999999,117.79700000000001,0.0132,0.0132
13.11.2023 06:30:42.873 GMT-0800,118.70299999999999,117.79700000000001,0.0132,0.0132
13.11.2023 06:30:45.687 GMT-0800,118.283,117.79700000000001,0.0009,0.0132
13.11.2023 06:30:45.738 GMT-0800,118.90299999999999,117.927,0.0132,0.0132
13.11.2023 06:30:45.899 GMT-0800,118.614,117.926,0.0009,0.0132
13.11.2023 06:30:46.425 GMT-0800,118.643,117.927,0.0132,0.0132
13.11.2023 06:30:48.742 GMT-0800,118.644,117.91600000000001,0.0132,0.0132
13.11.2023 06:30:54.256 GMT-0800,118.584,117.91600000000001,0.0009,0.0132
13.11.2023 06:30:58.299 GMT-0800,118.584,117.91600000000001,0.009,0.0112
13.11.2023 06:30:58.400 GMT-0800,118.79299999999999,118.45700000000001,0.009,0.0132
13.11.2023 06:30:58.453 GMT-0800,118.834,118.456,0.0132,0.0132
13.11.2023 06:30:58.634 GMT-0800,118.834,118.116,0.0132,0.0132
13.11.2023 06:30:59.314 GMT-0800,118.834,118.116,0.0132,0.0112
13.11.2023 06:30:59.415 GMT-0800,118.834,118.226,0.0132,0.0132
13.11.2023 06:31:16.304 GMT-0800,118.73299999999999,118.227,0.0009,0.0132
13.11.2023 06:31:19.079 GMT-0800,118.68299999999999,118.227,0.0009,0.0132
13.11.2023 06:31:22.241 GMT-0800,118.73299999999999,118.227,0.0132,0.0132
13.11.2023 06:31:54.475 GMT-0800,118.734,118.126,0.0132,0.0132
13.11.2023 06:31:58.841 GMT-0800,118.73299999999999,118.12700000000001,0.0132,0.0112
13.11.2023 06:32:14.474 GMT-0800,118.654,118.266,0.0009,0.0132
13.11.2023 06:32:38.450 GMT-0800,118.73299999999999,118.26700000000001,0.0132,0.0132
13.11.2023 06:32:38.516 GMT-0800,118.613,118.26700000000001,0.0009,0.0132
13.11.2023 06:32:41.241 GMT-0800,118.573,118.26700000000001,0.0009,0.0132
13.11.2023 06:32:41.343 GMT-0800,118.503,118.24700000000001,0.0132,0.0132
13.11.2023 06:33:25.480 GMT-0800,118.48299999999999,118.24700000000001,0.0009,0.0132
13.11.2023 06:33:33.558 GMT-0800,118.363,118.24700000000001,0.0009,0.009
13.11.2023 06:33:33.609 GMT-0800,118.364,118.116,0.0132,0.0132
13.11.2023 06:33:34.617 GMT-0800,118.484,118.116,0.0132,0.0132
13.11.2023 06:33:38.976 GMT-0800,118.473,118.117,0.0009,0.0112
13.11.2023 06:33:39.027 GMT-0800,118.473,117.947,0.0132,0.0132
13.11.2023 06:33:39.275 GMT-0800,118.474,117.91600000000001,0.0132,0.0132
13.11.2023 06:33:39.981 GMT-0800,118.423,117.91700000000002,0.0009,0.0132
13.11.2023 06:33:44.096 GMT-0800,118.423,117.837,0.0132,0.0132
13.11.2023 06:33:49.505 GMT-0800,118.164,117.83600000000001,0.0009,0.0132
13.11.2023 06:33:49.925 GMT-0800,118.423,117.837,0.0132,0.0132
13.11.2023 06:34:19.682 GMT-0800,118.144,117.83600000000001,0.0009,0.009
13.11.2023 06:34:19.733 GMT-0800,118.144,117.796,0.0132,0.0132
13.11.2023 06:34:35.549 GMT-0800,118.143,117.79700000000001,0.009,0.0112
13.11.2023 06:34:35.600 GMT-0800,118.43299999999999,117.977,0.0132,0.0132
13.11.2023 06:34:35.927 GMT-0800,118.434,117.796,0.0132,0.0132
13.11.2023 06:35:01.057 GMT-0800,118.43299999999999,117.79700000000001,0.0132,0.0112
13.11.2023 06:35:08.053 GMT-0800,118.434,117.796,0.0132,0.0132
13.11.2023 06:35:43.322 GMT-0800,118.40299999999999,117.79700000000001,0.0009,0.0132
13.11.2023 06:35:54.477 GMT-0800,118.37299999999999,117.79700000000001,0.0009,0.0132
13.11.2023 06:35:55.203 GMT-0800,118.37299999999999,117.79700000000001,0.0132,0.0112
13.11.2023 06:36:07.093 GMT-0800,118.374,117.83600000000001,0.0132,0.0112
13.11.2023 06:36:07.144 GMT-0800,118.37299999999999,117.837,0.0132,0.0132
13.11.2023 06:36:35.534 GMT-0800,118.164,117.83600000000001,0.0009,0.0132
13.11.2023 06:36:35.635 GMT-0800,118.374,117.83600000000001,0.0132,0.0132
13.11.2023 06:36:36.524 GMT-0800,118.363,117.837,0.0009,0.0132
13.11.2023 06:36:36.756 GMT-0800,118.364,117.83600000000001,0.0132,0.0112
13.11.2023 06:36:44.110 GMT-0800,118.244,117.846,0.0009,0.0132
13.11.2023 06:37:10.671 GMT-0800,118.37299999999999,117.947,0.0132,0.0132
13.11.2023 06:37:38.821 GMT-0800,118.374,117.94600000000001,0.0132,0.0112
13.11.2023 06:37:38.922 GMT-0800,118.374,118.116,0.0132,0.0132
13.11.2023 06:37:39.162 GMT-0800,118.37299999999999,118.117,0.009,0.0112
13.11.2023 06:37:39.213 GMT-0800,118.614,118.126,0.0132,0.0132
13.11.2023 06:37:39.264 GMT-0800,118.613,118.197,0.0132,0.0132
13.11.2023 06:37:40.067 GMT-0800,118.644,118.19600000000001,0.0132,0.0132
13.11.2023 06:37:40.118 GMT-0800,118.73299999999999,118.197,0.0132,0.0132
13.11.2023 06:37:40.169 GMT-0800,118.614,118.126,0.0132,0.009
13.11.2023 06:37:40.219 GMT-0800,118.613,118.117,0.0132,0.0132
13.11.2023 06:37:43.494 GMT-0800,118.494,118.116,0.0009,0.0132
13.11.2023 06:37:46.696 GMT-0800,118.493,118.117,0.0132,0.0112
13.11.2023 06:37:48.744 GMT-0800,118.494,118.116,0.0132,0.0132
13.11.2023 06:38:00.996 GMT-0800,118.603,118.117,0.0132,0.0132
13.11.2023 06:38:13.027 GMT-0800,118.603,118.117,0.0132,0.0112
13.11.2023 06:38:13.623 GMT-0800,118.604,118.27600000000001,0.009,0.0112
13.11.2023 06:38:13.674 GMT-0800,118.833,118.427,0.0132,0.0132
13.11.2023 06:38:13.829 GMT-0800,119.014,118.426,0.0132,0.0132
13.11.2023 06:38:14.081 GMT-0800,118.804,118.426,0.0132,0.0132
13.11.2023 06:38:15.063 GMT-0800,118.914,118.426,0.0132,0.0132
13.11.2023 06:38:18.916 GMT-0800,118.863,118.427,0.0009,0.0132
13.11.2023 06:38:26.228 GMT-0800,118.853,118.427,0.0009,0.0132
13.11.2023 06:38:27.176 GMT-0800,118.844,118.426,0.0009,0.0132
13.11.2023 06:38:29.099 GMT-0800,118.864,118.426,0.0132,0.0132
13.11.2023 06:38:30.056 GMT-0800,118.854,118.426,0.0009,0.0132
13.11.2023 06:38:30.975 GMT-0800,118.864,118.426,0.0132,0.0132
13.11.2023 06:38:31.038 GMT-0800,118.853,118.427,0.0009,0.0132
13.11.2023 06:38:37.512 GMT-0800,118.734,118.426,0.0009,0.0132
13.11.2023 06:38:37.644 GMT-0800,118.73299999999999,118.427,0.009,0.0112
13.11.2023 06:38:37.695 GMT-0800,118.864,118.426,0.0132,0.0132
13.11.2023 06:38:38.557 GMT-0800,118.864,118.426,0.0132,0.0112
13.11.2023 06:38:40.352 GMT-0800,118.863,118.56700000000001,0.0132,0.0132
13.11.2023 06:38:49.582 GMT-0800,118.723,118.56700000000001,0.0009,0.009
13.11.2023 06:38:49.633 GMT-0800,118.723,118.43700000000001,0.0132,0.0132
13.11.2023 06:38:55.821 GMT-0800,118.713,118.43700000000001,0.0009,0.009
13.11.2023 06:38:55.871 GMT-0800,118.714,118.426,0.0132,0.0132
13.11.2023 06:38:56.853 GMT-0800,118.723,118.427,0.0132,0.0132
13.11.2023 06:38:59.176 GMT-0800,118.694,118.426,0.0009,0.0132
13.11.2023 06:39:10.499 GMT-0800,118.553,118.427,0.0009,0.009
13.11.2023 06:39:10.549 GMT-0800,118.553,118.397,0.0132,0.0132
13.11.2023 06:39:13.551 GMT-0800,118.724,118.396,0.0132,0.0132
13.11.2023 06:39:22.503 GMT-0800,118.664,118.396,0.0009,0.0132
13.11.2023 06:39:22.604 GMT-0800,118.663,118.177,0.0132,0.0132
13.11.2023 06:39:22.906 GMT-0800,118.664,118.116,0.0132,0.0132
13.11.2023 06:39:23.346 GMT-0800,118.663,118.117,0.0132,0.0112
13.11.2023 06:39:23.945 GMT-0800,118.663,118.117,0.0132,0.0132
13.11.2023 06:39:31.498 GMT-0800,118.54299999999999,118.117,0.0009,0.0132
13.11.2023 06:39:42.536 GMT-0800,118.544,118.116,0.0132,0.0112
13.11.2023 06:40:40.119 GMT-0800,118.444,118.176,0.0009,0.0132
13.11.2023 06:40:40.221 GMT-0800,118.31299999999999,118.117,0.009,0.0132
13.11.2023 06:40:40.306 GMT-0800,118.443,118.117,0.0132,0.0132
13.11.2023 06:40:47.087 GMT-0800,118.444,118.116,0.0132,0.0112
13.11.2023 06:40:49.160 GMT-0800,118.443,118.117,0.0132,0.0132
13.11.2023 06:40:52.532 GMT-0800,118.363,118.117,0.0009,0.0132
13.11.2023 06:41:04.044 GMT-0800,118.353,118.117,0.0009,0.0132
13.11.2023 06:41:05.100 GMT-0800,118.363,118.117,0.0132,0.0132
13.11.2023 06:41:36.520 GMT-0800,118.243,118.117,0.0009,0.009
13.11.2023 06:41:36.571 GMT-0800,118.333,117.947,0.0132,0.0132
13.11.2023 06:41:39.522 GMT-0800,118.334,117.94600000000001,0.0132,0.0112
13.11.2023 06:41:39.573 GMT-0800,118.334,117.94600000000001,0.0132,0.0132
13.11.2023 06:41:40.517 GMT-0800,118.334,117.94600000000001,0.0132,0.0112
13.11.2023 06:42:38.226 GMT-0800,118.204,118.066,0.0009,0.009
13.11.2023 06:42:38.277 GMT-0800,118.20299999999999,117.947,0.0132,0.0132
13.11.2023 06:42:53.121 GMT-0800,118.204,117.94600000000001,0.0132,0.0112
13.11.2023 06:42:53.265 GMT-0800,118.20299999999999,118.07700000000001,0.0132,0.0132
13.11.2023 06:42:56.020 GMT-0800,118.20299999999999,117.947,0.0132,0.0132
13.11.2023 06:43:29.952 GMT-0800,118.173,117.947,0.0009,0.0132
13.11.2023 06:44:02.896 GMT-0800,118.164,117.94600000000001,0.0009,0.0132
13.11.2023 06:44:03.621 GMT-0800,118.164,117.936,0.0132,0.0132
13.11.2023 06:44:12.453 GMT-0800,118.164,117.766,0.0132,0.0132
13.11.2023 06:44:14.345 GMT-0800,118.163,117.74700000000001,0.0132,0.0132
13.11.2023 06:44:17.252 GMT-0800,118.133,117.74700000000001,0.0009,0.0132
13.11.2023 06:44:19.110 GMT-0800,118.133,117.74700000000001,0.0132,0.0112
13.11.2023 06:44:19.291 GMT-0800,118.133,117.74700000000001,0.0132,0.0132
13.11.2023 06:44:24.589 GMT-0800,118.044,117.74600000000001,0.0009,0.0132
13.11.2023 06:44:28.598 GMT-0800,118.004,117.74600000000001,0.0009,0.0132
13.11.2023 06:44:36.973 GMT-0800,117.914,117.74600000000001,0.0009,0.0132
13.11.2023 06:44:38.588 GMT-0800,117.904,117.74600000000001,0.0009,0.0132
13.11.2023 06:44:39.121 GMT-0800,117.90299999999999,117.74700000000001,0.009,0.0112
13.11.2023 06:44:39.171 GMT-0800,117.973,117.74700000000001,0.0132,0.0132
13.11.2023 06:44:44.236 GMT-0800,117.973,117.74700000000001,0.009,0.0112
13.11.2023 06:44:44.286 GMT-0800,118.15299999999999,117.74700000000001,0.0132,0.0132
13.11.2023 06:44:45.421 GMT-0800,118.15299999999999,117.74700000000001,0.009,0.0112
13.11.2023 06:44:45.472 GMT-0800,118.213,117.757,0.0132,0.0132
13.11.2023 06:44:46.091 GMT-0800,118.214,117.756,0.0132,0.0112
13.11.2023 06:44:49.563 GMT-0800,118.214,117.80600000000001,0.0132,0.0132
13.11.2023 06:44:49.664 GMT-0800,118.214,117.756,0.0132,0.0132
13.11.2023 06:44:50.033 GMT-0800,118.214,117.756,0.0132,0.0112
13.11.2023 06:44:52.117 GMT-0800,118.213,117.787,0.0132,0.0112
13.11.2023 06:44:53.202 GMT-0800,118.213,117.837,0.0132,0.0112
13.11.2023 06:45:00.116 GMT-0800,118.213,117.84700000000001,0.0132,0.0132
13.11.2023 06:45:00.299 GMT-0800,118.584,118.036,0.0132,0.009
13.11.2023 06:45:00.417 GMT-0800,118.584,117.876,0.0132,0.0132
13.11.2023 06:45:01.123 GMT-0800,118.523,117.87700000000001,0.0009,0.0132
13.11.2023 06:45:01.174 GMT-0800,118.584,117.876,0.0132,0.0132
13.11.2023 06:45:02.774 GMT-0800,118.584,117.876,0.0132,0.0112
13.11.2023 06:45:03.660 GMT-0800,118.523,118.02700000000002,0.0009,0.0132
13.11.2023 06:45:04.504 GMT-0800,118.42399999999999,118.02600000000001,0.0009,0.0132
13.11.2023 06:45:24.204 GMT-0800,118.42399999999999,118.02600000000001,0.0132,0.0112
13.11.2023 06:45:40.220 GMT-0800,118.42399999999999,118.066,0.009,0.0112
13.11.2023 06:45:40.271 GMT-0800,118.574,118.07600000000001,0.0132,0.0132
13.11.2023 06:45:41.290 GMT-0800,118.573,118.06700000000001,0.0132,0.0132
13.11.2023 06:45:48.621 GMT-0800,118.574,118.08600000000001,0.0132,0.0132
13.11.2023 06:45:53.251 GMT-0800,118.574,118.05600000000001,0.0132,0.0132
13.11.2023 06:45:57.216 GMT-0800,118.573,118.05700000000002,0.0132,0.0112
13.11.2023 06:45:57.667 GMT-0800,118.574,118.05600000000001,0.0132,0.0132
13.11.2023 06:46:03.691 GMT-0800,118.574,118.05600000000001,0.0132,0.0112
13.11.2023 06:46:07.988 GMT-0800,118.574,118.08600000000001,0.0132,0.0132
13.11.2023 06:46:09.443 GMT-0800,118.574,118.08600000000001,0.0132,0.0112
13.11.2023 06:46:09.494 GMT-0800,118.574,118.08600000000001,0.0132,0.0132
13.11.2023 06:46:09.721 GMT-0800,118.574,118.08600000000001,0.009,0.0112
13.11.2023 06:46:09.772 GMT-0800,118.573,118.087,0.009,0.0112
13.11.2023 06:46:09.823 GMT-0800,118.81299999999999,118.31700000000001,0.0132,0.0132
13.11.2023 06:46:13.465 GMT-0800,118.814,118.316,0.0132,0.0112
13.11.2023 06:46:13.516 GMT-0800,118.964,118.346,0.0132,0.0132
13.11.2023 06:46:13.796 GMT-0800,118.854,118.346,0.0009,0.0112
13.11.2023 06:46:14.113 GMT-0800,118.853,118.35700000000001,0.0132,0.0112
13.11.2023 06:46:14.164 GMT-0800,118.853,118.35700000000001,0.0132,0.0132
13.11.2023 06:46:15.103 GMT-0800,118.753,118.35700000000001,0.0009,0.0132
13.11.2023 06:46:43.690 GMT-0800,118.853,118.35700000000001,0.0132,0.0132
13.11.2023 06:46:46.382 GMT-0800,118.84299999999999,118.35700000000001,0.0009,0.0132
13.11.2023 06:46:48.684 GMT-0800,118.883,118.35700000000001,0.0132,0.0132
13.11.2023 06:46:53.150 GMT-0800,119.084,118.35600000000001,0.0132,0.0132
13.11.2023 06:46:54.118 GMT-0800,119.083,118.35700000000001,0.0132,0.0112
13.11.2023 06:46:56.478 GMT-0800,118.744,118.376,0.0009,0.0132
13.11.2023 06:47:02.499 GMT-0800,118.744,118.376,0.0132,0.0112
13.11.2023 06:47:02.550 GMT-0800,118.84299999999999,118.507,0.0132,0.0132
13.11.2023 06:47:06.727 GMT-0800,118.853,118.507,0.0132,0.0132
13.11.2023 06:47:22.559 GMT-0800,118.884,118.506,0.0132,0.0132
13.11.2023 06:47:26.727 GMT-0800,118.90299999999999,118.507,0.0132,0.0132
13.11.2023 06:47:31.850 GMT-0800,118.90299999999999,118.507,0.0132,0.0112
13.11.2023 06:47:32.578 GMT-0800,118.904,118.516,0.0132,0.0112
13.11.2023 06:47:36.709 GMT-0800,118.914,118.626,0.0132,0.0132
13.11.2023 06:47:41.712 GMT-0800,118.904,118.626,0.0009,0.0132
13.11.2023 06:47:46.691 GMT-0800,118.894,118.626,0.0009,0.0132
13.11.2023 06:47:49.150 GMT-0800,118.894,118.706,0.0132,0.009
13.11.2023 06:47:49.245 GMT-0800,118.894,118.626,0.0132,0.0132
13.11.2023 06:47:51.662 GMT-0800,118.824,118.626,0.0009,0.0132
13.11.2023 06:47:51.713 GMT-0800,119.004,118.626,0.0132,0.0132
13.11.2023 06:47:55.548 GMT-0800,118.963,118.62700000000001,0.0009,0.0132
13.11.2023 06:48:08.249 GMT-0800,118.964,118.626,0.0132,0.0112
13.11.2023 06:48:53.100 GMT-0800,118.964,118.646,0.0132,0.0112
13.11.2023 06:49:25.168 GMT-0800,118.964,118.656,0.009,0.0112
13.11.2023 06:49:25.219 GMT-0800,119.003,118.73700000000001,0.0132,0.0132
13.11.2023 06:49:25.472 GMT-0800,119.004,118.736,0.009,0.0112
13.11.2023 06:49:25.524 GMT-0800,119.003,118.73700000000001,0.009,0.0112
13.11.2023 06:49:25.575 GMT-0800,119.243,118.87700000000001,0.0132,0.0132
13.11.2023 06:49:26.528 GMT-0800,119.244,118.846,0.0132,0.0132
13.11.2023 06:49:26.651 GMT-0800,119.12299999999999,118.84700000000001,0.0009,0.0132
13.11.2023 06:49:28.060 GMT-0800,119.124,118.786,0.0132,0.0132
13.11.2023 06:49:29.413 GMT-0800,119.12299999999999,118.787,0.0132,0.0112
13.11.2023 06:49:29.694 GMT-0800,119.124,118.786,0.0132,0.0132
13.11.2023 06:49:31.345 GMT-0800,119.104,118.786,0.0009,0.0132
13.11.2023 06:49:31.684 GMT-0800,119.04299999999999,118.787,0.0009,0.0132
13.11.2023 06:49:32.391 GMT-0800,118.92399999999999,118.786,0.0009,0.009
13.11.2023 06:49:32.442 GMT-0800,119.044,118.736,0.0132,0.0132
13.11.2023 06:49:32.564 GMT-0800,118.894,118.736,0.0009,0.009
13.11.2023 06:49:32.615 GMT-0800,119.044,118.646,0.0132,0.0132
13.11.2023 06:50:00.101 GMT-0800,119.054,118.646,0.0132,0.0132
13.11.2023 06:50:08.904 GMT-0800,119.054,118.646,0.009,0.0112
13.11.2023 06:50:08.955 GMT-0800,119.104,118.77600000000001,0.0132,0.0132
13.11.2023 06:50:15.585 GMT-0800,119.104,118.77600000000001,0.0132,0.0112
13.11.2023 06:50:32.260 GMT-0800,119.103,118.87700000000001,0.0132,0.0132
13.11.2023 06:50:40.564 GMT-0800,119.103,118.87700000000001,0.009,0.0112
13.11.2023 06:50:40.615 GMT-0800,119.214,118.976,0.0132,0.0132
13.11.2023 06:50:43.008 GMT-0800,119.224,118.976,0.0132,0.0132
13.11.2023 06:50:52.705 GMT-0800,119.383,118.977,0.0132,0.0132
13.11.2023 06:50:56.655 GMT-0800,119.193,118.977,0.0009,0.0132
13.11.2023 06:51:00.100 GMT-0800,119.215,118.977,0.009,0.0112
13.11.2023 06:51:00.151 GMT-0800,119.613,119.07700000000001,0.0132,0.0132
13.11.2023 06:51:02.051 GMT-0800,119.744,119.07600000000001,0.0132,0.0132
13.11.2023 06:51:02.407 GMT-0800,119.414,119.07600000000001,0.0009,0.0132
13.11.2023 06:51:05.935 GMT-0800,119.254,119.07600000000001,0.0009,0.009
13.11.2023 06:51:05.986 GMT-0800,119.413,118.88700000000001,0.0132,0.0132
13.11.2023 06:51:06.037 GMT-0800,119.414,118.876,0.0132,0.0132
13.11.2023 06:51:06.884 GMT-0800,119.37299999999999,118.87700000000001,0.0009,0.0132
13.11.2023 06:51:10.450 GMT-0800,119.394,118.876,0.0132,0.0132
13.11.2023 06:51:11.181 GMT-0800,119.374,118.876,0.0009,0.0132
13.11.2023 06:51:11.436 GMT-0800,119.394,118.876,0.0132,0.0132
13.11.2023 06:51:13.191 GMT-0800,119.37299999999999,118.87700000000001,0.0009,0.0132
13.11.2023 06:51:33.871 GMT-0800,119.15299999999999,118.87700000000001,0.0009,0.0132
13.11.2023 06:51:33.972 GMT-0800,119.15299999999999,118.88700000000001,0.0132,0.0132
13.11.2023 06:51:34.950 GMT-0800,119.154,118.88600000000001,0.009,0.0112
13.11.2023 06:51:35.002 GMT-0800,119.34299999999999,118.99700000000001,0.0132,0.0132
13.11.2023 06:51:38.333 GMT-0800,119.294,118.99600000000001,0.0009,0.0132
13.11.2023 06:51:39.326 GMT-0800,119.154,118.99600000000001,0.0009,0.009
13.11.2023 06:51:39.377 GMT-0800,119.15299999999999,118.88700000000001,0.0132,0.0132
13.11.2023 06:51:39.639 GMT-0800,119.064,118.88600000000001,0.0009,0.009
13.11.2023 06:51:39.689 GMT-0800,119.06299999999999,118.87700000000001,0.0132,0.0132
13.11.2023 06:51:46.602 GMT-0800,119.06299999999999,118.87700000000001,0.0132,0.0112
13.11.2023 06:51:50.270 GMT-0800,119.06299999999999,118.93700000000001,0.009,0.0112
13.11.2023 06:51:50.321 GMT-0800,119.17399999999999,118.936,0.0132,0.0132
13.11.2023 06:52:20.943 GMT-0800,119.314,118.936,0.0132,0.0132
13.11.2023 06:52:21.876 GMT-0800,119.234,118.936,0.0009,0.0132
13.11.2023 06:52:22.005 GMT-0800,119.09299999999999,118.93700000000001,0.0009,0.009
13.11.2023 06:52:22.056 GMT-0800,119.23299999999999,118.93700000000001,0.0132,0.009
13.11.2023 06:52:22.107 GMT-0800,119.234,118.906,0.0132,0.0132
13.11.2023 06:52:32.306 GMT-0800,119.074,118.80600000000001,0.0132,0.0132
13.11.2023 06:52:33.887 GMT-0800,118.943,118.80700000000002,0.0009,0.009
13.11.2023 06:52:33.937 GMT-0800,119.073,118.80700000000002,0.009,0.009
13.11.2023 06:52:34.148 GMT-0800,119.084,118.66600000000001,0.0132,0.0132
13.11.2023 06:52:36.772 GMT-0800,119.083,118.63700000000001,0.0132,0.0132
13.11.2023 06:52:37.122 GMT-0800,119.083,118.56700000000001,0.0132,0.009
13.11.2023 06:52:37.173 GMT-0800,119.084,118.546,0.0132,0.0132
13.11.2023 06:52:37.987 GMT-0800,119.084,118.366,0.0132,0.0132
13.11.2023 06:52:38.038 GMT-0800,118.95299999999999,118.367,0.0132,0.0132
13.11.2023 06:52:39.508 GMT-0800,118.864,118.366,0.0009,0.0132
13.11.2023 06:52:39.636 GMT-0800,118.863,118.367,0.0132,0.0112
13.11.2023 06:52:40.622 GMT-0800,118.864,118.546,0.0132,0.0112
13.11.2023 06:52:47.003 GMT-0800,118.863,118.56700000000001,0.0132,0.0112
13.11.2023 06:52:55.390 GMT-0800,118.764,118.656,0.0009,0.009
13.11.2023 06:52:55.441 GMT-0800,118.76299999999999,118.56700000000001,0.0132,0.0132
13.11.2023 06:52:55.492 GMT-0800,118.864,118.566,0.0132,0.0132
13.11.2023 06:52:56.412 GMT-0800,118.844,118.566,0.0009,0.0132
13.11.2023 06:52:58.136 GMT-0800,118.753,118.56700000000001,0.0009,0.0132
13.11.2023 06:53:38.663 GMT-0800,118.594,118.566,0.0009,0.009
13.11.2023 06:53:38.713 GMT-0800,118.754,118.366,0.0132,0.0132
13.11.2023 06:53:38.789 GMT-0800,118.754,118.366,0.0132,0.0112
13.11.2023 06:53:39.091 GMT-0800,118.753,118.087,0.0132,0.0132
13.11.2023 06:53:42.022 GMT-0800,118.754,118.08600000000001,0.0132,0.0112
13.11.2023 06:54:02.109 GMT-0800,118.743,118.32700000000001,0.0009,0.0132
13.11.2023 06:54:10.719 GMT-0800,118.73299999999999,118.32700000000001,0.0009,0.0132
13.11.2023 06:54:48.774 GMT-0800,118.594,118.32600000000001,0.0009,0.0132
13.11.2023 06:54:54.466 GMT-0800,118.544,118.32600000000001,0.0009,0.0132
13.11.2023 06:55:01.041 GMT-0800,118.51299999999999,118.32700000000001,0.0009,0.0132
13.11.2023 06:55:02.877 GMT-0800,118.423,118.32700000000001,0.0009,0.009
13.11.2023 06:55:02.927 GMT-0800,118.51299999999999,118.23700000000001,0.0132,0.0132
13.11.2023 06:55:08.923 GMT-0800,118.444,118.236,0.0009,0.009
13.11.2023 06:55:08.975 GMT-0800,118.444,118.126,0.0132,0.0132
13.11.2023 06:55:09.025 GMT-0800,118.354,118.126,0.0009,0.0132
13.11.2023 06:55:21.175 GMT-0800,118.34299999999999,118.12700000000001,0.0009,0.0132
13.11.2023 06:55:21.226 GMT-0800,118.354,118.126,0.0132,0.0132
13.11.2023 06:55:48.637 GMT-0800,118.353,118.12700000000001,0.0132,0.0112
13.11.2023 06:55:51.402 GMT-0800,118.28399999999999,118.126,0.0132,0.0132
13.11.2023 06:55:51.452 GMT-0800,118.354,118.126,0.0132,0.0132
13.11.2023 06:55:52.405 GMT-0800,118.243,118.12700000000001,0.0009,0.009
13.11.2023 06:55:52.456 GMT-0800,118.353,118.12700000000001,0.0132,0.009
13.11.2023 06:55:52.507 GMT-0800,118.353,117.927,0.0132,0.0132
13.11.2023 06:55:52.557 GMT-0800,118.273,117.947,0.0132,0.0132
13.11.2023 06:55:52.722 GMT-0800,118.273,117.867,0.0132,0.0132
13.11.2023 06:55:53.233 GMT-0800,118.273,117.867,0.0132,0.0112
13.11.2023 06:55:55.422 GMT-0800,118.273,117.867,0.0132,0.0132
13.11.2023 06:55:55.473 GMT-0800,118.26299999999999,117.867,0.0132,0.0132
13.11.2023 06:55:59.626 GMT-0800,118.243,117.867,0.0009,0.0132
13.11.2023 06:56:14.870 GMT-0800,118.213,117.867,0.0009,0.0132
13.11.2023 06:56:41.609 GMT-0800,118.404,118.08600000000001,0.0132,0.0132
13.11.2023 06:56:42.020 GMT-0800,118.323,118.087,0.0009,0.0132
13.11.2023 06:56:43.778 GMT-0800,118.264,118.08600000000001,0.0009,0.0132
13.11.2023 06:56:45.270 GMT-0800,118.253,118.087,0.0009,0.0132
13.11.2023 06:56:49.056 GMT-0800,118.253,117.95700000000001,0.0132,0.0132
13.11.2023 06:57:30.519 GMT-0800,118.254,117.956,0.0132,0.0112
13.11.2023 06:57:33.721 GMT-0800,118.404,118.176,0.0132,0.0132
13.11.2023 06:57:33.772 GMT-0800,118.404,118.10600000000001,0.0132,0.0132
13.11.2023 06:57:33.823 GMT-0800,118.40299999999999,118.02700000000002,0.0132,0.0132
13.11.2023 06:57:34.159 GMT-0800,118.40299999999999,118.02700000000002,0.0132,0.0112
13.11.2023 06:57:35.676 GMT-0800,118.404,118.126,0.0132,0.0112
13.11.2023 06:57:35.727 GMT-0800,118.404,118.126,0.0132,0.0132
13.11.2023 06:57:47.443 GMT-0800,118.40299999999999,118.12700000000001,0.009,0.0112
13.11.2023 06:57:47.494 GMT-0800,118.51299999999999,118.13700000000001,0.0132,0.0132
13.11.2023 06:57:47.697 GMT-0800,118.523,118.13700000000001,0.0132,0.0132
13.11.2023 06:57:48.457 GMT-0800,118.743,118.12700000000001,0.0132,0.0132
13.11.2023 06:57:49.984 GMT-0800,118.744,118.116,0.0132,0.0132
13.11.2023 06:57:51.411 GMT-0800,118.603,118.117,0.0009,0.0132
13.11.2023 06:57:52.538 GMT-0800,118.494,118.116,0.0009,0.0132
13.11.2023 06:58:01.669 GMT-0800,118.494,118.116,0.0132,0.0112
13.11.2023 06:58:04.140 GMT-0800,118.493,118.13700000000001,0.009,0.0112
13.11.2023 06:58:04.191 GMT-0800,118.604,118.30600000000001,0.0132,0.009
13.11.2023 06:58:05.316 GMT-0800,118.584,118.13600000000001,0.0009,0.0132
13.11.2023 06:58:15.951 GMT-0800,118.584,118.126,0.0132,0.0132
13.11.2023 06:58:18.613 GMT-0800,118.574,118.126,0.0009,0.0132
13.11.2023 06:58:20.068 GMT-0800,118.573,118.12700000000001,0.0132,0.0112
13.11.2023 06:58:35.567 GMT-0800,118.574,118.146,0.009,0.0112
13.11.2023 06:58:35.668 GMT-0800,118.604,118.24600000000001,0.0132,0.0132
13.11.2023 06:58:36.562 GMT-0800,118.604,118.24600000000001,0.0132,0.0112
13.11.2023 06:58:36.719 GMT-0800,118.604,118.30600000000001,0.0132,0.009
13.11.2023 06:58:36.769 GMT-0800,118.603,118.29700000000001,0.0132,0.0132
13.11.2023 06:58:44.921 GMT-0800,118.604,118.296,0.009,0.0112
13.11.2023 06:58:44.972 GMT-0800,118.643,118.38700000000001,0.0132,0.0132
13.11.2023 06:58:46.669 GMT-0800,118.643,118.38700000000001,0.0132,0.0112
13.11.2023 06:58:55.612 GMT-0800,118.643,118.38700000000001,0.0132,0.0132
13.11.2023 06:58:58.683 GMT-0800,118.643,118.38700000000001,0.0132,0.0112
13.11.2023 06:58:58.734 GMT-0800,118.643,118.38700000000001,0.0132,0.0132
13.11.2023 06:59:26.033 GMT-0800,118.76299999999999,118.38700000000001,0.0132,0.0132
13.11.2023 06:59:31.814 GMT-0800,118.963,118.38700000000001,0.0132,0.0132
13.11.2023 06:59:44.353 GMT-0800,118.663,118.38700000000001,0.0009,0.0132
13.11.2023 06:59:44.404 GMT-0800,118.694,118.38600000000001,0.0132,0.0132
13.11.2023 06:59:56.331 GMT-0800,118.624,118.38600000000001,0.0009,0.0132
13.11.2023 06:59:56.483 GMT-0800,118.693,118.38700000000001,0.0132,0.0132
13.11.2023 06:59:57.499 GMT-0800,118.963,118.38700000000001,0.0132,0.0132
13.11.2023 07:00:00.351 GMT-0800,118.573,118.38600000000001,0.0009,0.0132
13.11.2023 07:00:00.402 GMT-0800,118.613,118.38700000000001,0.0009,0.009
13.11.2023 07:00:00.871 GMT-0800,118.614,118.346,0.0132,0.0132
13.11.2023 07:00:01.442 GMT-0800,118.523,118.34700000000001,0.0009,0.0132
13.11.2023 07:00:01.606 GMT-0800,118.51299999999999,118.34700000000001,0.0009,0.0132
13.11.2023 07:00:01.867 GMT-0800,118.963,118.427,0.0132,0.0132
13.11.2023 07:00:01.918 GMT-0800,118.963,118.34700000000001,0.0132,0.0132
13.11.2023 07:00:10.840 GMT-0800,118.664,118.346,0.0009,0.009
13.11.2023 07:00:10.891 GMT-0800,118.963,118.34700000000001,0.0132,0.009
13.11.2023 07:00:10.970 GMT-0800,118.964,118.33600000000001,0.0132,0.0132
13.11.2023 07:00:11.370 GMT-0800,118.485,118.33600000000001,0.0009,0.009
13.11.2023 07:00:11.421 GMT-0800,118.604,118.33600000000001,0.0009,0.009
13.11.2023 07:00:11.891 GMT-0800,118.603,118.257,0.009,0.0132
13.11.2023 07:00:11.942 GMT-0800,118.613,118.257,0.0132,0.0132
13.11.2023 07:00:17.103 GMT-0800,118.484,118.256,0.0009,0.0132
13.11.2023 07:00:18.085 GMT-0800,118.473,118.257,0.0009,0.0132
13.11.2023 07:00:18.966 GMT-0800,118.394,118.256,0.0009,0.0132
13.11.2023 07:00:21.278 GMT-0800,118.383,118.257,0.0009,0.009
13.11.2023 07:00:21.337 GMT-0800,118.384,118.156,0.0132,0.0132
13.11.2023 07:00:21.478 GMT-0800,118.394,118.156,0.0132,0.0132
13.11.2023 07:00:22.411 GMT-0800,118.393,118.13700000000001,0.0132,0.0132
13.11.2023 07:00:24.146 GMT-0800,118.394,118.13600000000001,0.0132,0.0112
13.11.2023 07:00:25.218 GMT-0800,118.544,118.146,0.0132,0.0132
13.11.2023 07:00:29.139 GMT-0800,118.544,118.13600000000001,0.0132,0.009
13.11.2023 07:00:29.190 GMT-0800,118.544,118.126,0.0132,0.0132
13.11.2023 07:00:31.104 GMT-0800,118.554,118.126,0.0132,0.0132
13.11.2023 07:00:31.240 GMT-0800,118.363,118.12700000000001,0.0009,0.0132
13.11.2023 07:00:33.161 GMT-0800,118.353,118.12700000000001,0.0009,0.0132
13.11.2023 07:00:34.218 GMT-0800,118.353,117.95700000000001,0.0132,0.0132
13.11.2023 07:00:34.371 GMT-0800,118.353,117.93700000000001,0.0132,0.0132
13.11.2023 07:00:34.526 GMT-0800,118.234,117.936,0.0009,0.0112
13.11.2023 07:00:35.422 GMT-0800,118.234,117.866,0.0132,0.0132
13.11.2023 07:00:36.812 GMT-0800,118.234,117.866,0.0132,0.0112
13.11.2023 07:00:36.914 GMT-0800,118.23299999999999,117.93700000000001,0.0132,0.0132
13.11.2023 07:00:38.101 GMT-0800,118.23299999999999,117.867,0.0132,0.0132
13.11.2023 07:00:38.542 GMT-0800,118.223,117.867,0.0009,0.0132
13.11.2023 07:00:39.920 GMT-0800,118.224,117.866,0.0132,0.0112
13.11.2023 07:00:40.962 GMT-0800,118.223,117.90700000000001,0.0132,0.0112
13.11.2023 07:00:41.297 GMT-0800,118.323,117.927,0.0132,0.0132
13.11.2023 07:00:41.712 GMT-0800,118.363,117.927,0.0132,0.0132
13.11.2023 07:00:41.763 GMT-0800,118.224,117.926,0.0009,0.0132
13.11.2023 07:00:42.890 GMT-0800,118.363,117.927,0.0132,0.0132
13.11.2023 07:00:42.944 GMT-0800,118.324,117.926,0.0009,0.0132
13.11.2023 07:00:43.112 GMT-0800,118.364,117.926,0.0132,0.0132
13.11.2023 07:00:43.166 GMT-0800,118.323,117.927,0.0009,0.0132
13.11.2023 07:00:43.626 GMT-0800,118.363,117.927,0.0132,0.0132
13.11.2023 07:00:43.677 GMT-0800,118.223,117.927,0.0132,0.0132
13.11.2023 07:00:43.828 GMT-0800,118.334,117.926,0.0132,0.0132
13.11.2023 07:00:44.125 GMT-0800,118.363,117.927,0.0132,0.0132
13.11.2023 07:00:44.175 GMT-0800,118.324,117.926,0.0009,0.0132
13.11.2023 07:00:44.636 GMT-0800,118.364,117.926,0.0132,0.0132
13.11.2023 07:00:44.687 GMT-0800,118.334,117.926,0.0132,0.0132
13.11.2023 07:00:46.383 GMT-0800,118.334,117.926,0.009,0.0112
13.11.2023 07:00:46.434 GMT-0800,118.553,117.95700000000001,0.0132,0.0132
13.11.2023 07:00:46.521 GMT-0800,118.333,117.95700000000001,0.0009,0.0132
13.11.2023 07:00:49.363 GMT-0800,118.333,117.95700000000001,0.0132,0.0112
13.11.2023 07:00:49.432 GMT-0800,118.334,117.956,0.0132,0.0112
13.11.2023 07:00:49.645 GMT-0800,118.334,117.94600000000001,0.0132,0.0132
13.11.2023 07:00:49.804 GMT-0800,118.163,117.947,0.0009,0.0132
13.11.2023 07:00:50.909 GMT-0800,118.163,117.947,0.009,0.0112
13.11.2023 07:00:50.960 GMT-0800,118.333,117.95700000000001,0.0132,0.0132
13.11.2023 07:00:51.061 GMT-0800,118.354,117.956,0.0132,0.0132
13.11.2023 07:00:51.433 GMT-0800,118.554,117.956,0.0132,0.0132
13.11.2023 07:00:53.954 GMT-0800,118.553,117.947,0.0132,0.0132
13.11.2023 07:00:54.836 GMT-0800,118.333,117.947,0.0009,0.0132
13.11.2023 07:00:54.886 GMT-0800,118.553,117.947,0.0132,0.0132
13.11.2023 07:00:57.062 GMT-0800,118.353,117.947,0.0009,0.0132
13.11.2023 07:00:58.062 GMT-0800,118.334,117.94600000000001,0.009,0.0132
13.11.2023 07:00:58.113 GMT-0800,118.553,117.947,0.0132,0.0132
13.11.2023 07:01:00.229 GMT-0800,118.26299999999999,117.947,0.0009,0.0132
13.11.2023 07:01:06.106 GMT-0800,118.553,117.947,0.0132,0.0132
13.11.2023 07:01:22.366 GMT-0800,118.404,117.94600000000001,0.0009,0.0112
13.11.2023 07:01:22.426 GMT-0800,118.554,117.94600000000001,0.0132,0.0112
13.11.2023 07:01:22.808 GMT-0800,118.554,117.94600000000001,0.0132,0.0112
13.11.2023 07:01:30.917 GMT-0800,118.404,118.08600000000001,0.0009,0.0132
13.11.2023 07:01:31.018 GMT-0800,118.383,118.087,0.0009,0.0132
13.11.2023 07:01:31.755 GMT-0800,118.394,117.91600000000001,0.0132,0.0132
13.11.2023 07:01:38.432 GMT-0800,118.374,117.91600000000001,0.0009,0.0132
13.11.2023 07:01:39.919 GMT-0800,118.34299999999999,117.91700000000002,0.0009,0.0132
13.11.2023 07:01:43.652 GMT-0800,118.243,117.91700000000002,0.0009,0.0132
13.11.2023 07:01:43.703 GMT-0800,118.323,117.867,0.0132,0.0132
13.11.2023 07:01:44.132 GMT-0800,118.333,117.867,0.0132,0.0132
13.11.2023 07:01:50.488 GMT-0800,118.314,117.866,0.0009,0.0132
13.11.2023 07:01:51.972 GMT-0800,118.304,117.866,0.0009,0.0132
13.11.2023 07:01:52.968 GMT-0800,118.224,117.866,0.0009,0.0132
13.11.2023 07:01:53.018 GMT-0800,118.234,117.866,0.0009,0.0132
13.11.2023 07:02:04.305 GMT-0800,118.20299999999999,117.867,0.0009,0.009
13.11.2023 07:02:04.440 GMT-0800,118.204,117.546,0.0132,0.0132
13.11.2023 07:02:07.048 GMT-0800,118.193,117.54700000000001,0.0009,0.0132
13.11.2023 07:02:10.634 GMT-0800,118.204,117.546,0.0132,0.0132
13.11.2023 07:02:12.361 GMT-0800,118.194,117.546,0.0009,0.0132
13.11.2023 07:02:13.805 GMT-0800,118.134,117.546,0.0009,0.0112
13.11.2023 07:02:13.856 GMT-0800,118.12299999999999,117.54700000000001,0.0132,0.0132
13.11.2023 07:02:14.200 GMT-0800,118.133,117.54700000000001,0.0132,0.0132
13.11.2023 07:02:14.306 GMT-0800,118.124,117.546,0.0009,0.0132
13.11.2023 07:02:14.607 GMT-0800,118.133,117.54700000000001,0.0132,0.0132
13.11.2023 07:02:14.728 GMT-0800,118.134,117.546,0.0132,0.0112
13.11.2023 07:02:15.222 GMT-0800,118.134,117.726,0.0132,0.0132
13.11.2023 07:02:15.733 GMT-0800,118.133,117.727,0.0132,0.0112
13.11.2023 07:02:21.212 GMT-0800,118.20299999999999,117.74700000000001,0.0132,0.0132
13.11.2023 07:02:27.763 GMT-0800,118.20299999999999,117.74700000000001,0.0132,0.0112
13.11.2023 07:02:34.544 GMT-0800,118.163,117.95700000000001,0.0009,0.0132
13.11.2023 07:03:01.932 GMT-0800,118.234,117.956,0.0132,0.0132
13.11.2023 07:03:03.540 GMT-0800,118.163,117.95700000000001,0.0009,0.0132
13.11.2023 07:03:05.499 GMT-0800,118.314,117.956,0.0132,0.0132
13.11.2023 07:03:05.616 GMT-0800,118.314,117.956,0.009,0.0112
13.11.2023 07:03:05.667 GMT-0800,118.45299999999999,118.24700000000001,0.0132,0.0132
13.11.2023 07:03:05.719 GMT-0800,118.43299999999999,118.24700000000001,0.0009,0.009
13.11.2023 07:03:05.770 GMT-0800,118.43299999999999,118.23700000000001,0.009,0.0132
13.11.2023 07:03:05.821 GMT-0800,118.48299999999999,118.23700000000001,0.0132,0.0132
13.11.2023 07:03:06.235 GMT-0800,118.603,118.23700000000001,0.0132,0.0132
13.11.2023 07:03:06.285 GMT-0800,118.484,118.236,0.0132,0.0132
13.11.2023 07:03:06.667 GMT-0800,118.463,118.23700000000001,0.0009,0.0132
13.11.2023 07:03:08.445 GMT-0800,118.604,118.236,0.0132,0.0132
13.11.2023 07:03:09.453 GMT-0800,118.54299999999999,118.23700000000001,0.0009,0.0132
13.11.2023 07:03:10.093 GMT-0800,118.48299999999999,118.23700000000001,0.0009,0.0112
13.11.2023 07:03:10.143 GMT-0800,118.54299999999999,118.24700000000001,0.0132,0.0132
13.11.2023 07:03:10.277 GMT-0800,118.463,118.24700000000001,0.0009,0.0132
13.11.2023 07:03:10.446 GMT-0800,118.544,118.24600000000001,0.0132,0.0132
13.11.2023 07:03:10.734 GMT-0800,118.504,118.24600000000001,0.0132,0.0132
13.11.2023 07:03:11.112 GMT-0800,118.48299999999999,118.24700000000001,0.0009,0.0132
13.11.2023 07:03:12.594 GMT-0800,118.48299999999999,118.24700000000001,0.0132,0.0112
13.11.2023 07:03:12.770 GMT-0800,118.48299999999999,118.24700000000001,0.009,0.0132
13.11.2023 07:03:15.700 GMT-0800,118.504,118.24600000000001,0.009,0.0132
13.11.2023 07:03:15.751 GMT-0800,118.514,118.24600000000001,0.0132,0.0132
13.11.2023 07:03:16.314 GMT-0800,118.514,118.24600000000001,0.0132,0.0112
13.11.2023 07:03:20.684 GMT-0800,118.514,118.27600000000001,0.009,0.0132
13.11.2023 07:03:20.943 GMT-0800,118.594,118.27600000000001,0.0132,0.0132
13.11.2023 07:03:21.734 GMT-0800,118.59299999999999,118.32700000000001,0.0132,0.0132
13.11.2023 07:03:23.619 GMT-0800,118.594,118.32600000000001,0.009,0.0112
13.11.2023 07:03:23.672 GMT-0800,118.59299999999999,118.32700000000001,0.009,0.0112
13.11.2023 07:03:23.862 GMT-0800,118.70299999999999,118.35700000000001,0.0009,0.0132
13.11.2023 07:03:23.924 GMT-0800,118.743,118.35700000000001,0.0132,0.0132
13.11.2023 07:03:24.611 GMT-0800,118.743,118.32700000000001,0.0132,0.0132
13.11.2023 07:03:26.743 GMT-0800,118.804,118.32600000000001,0.0132,0.0132
13.11.2023 07:03:27.905 GMT-0800,118.804,118.266,0.0132,0.0132
13.11.2023 07:03:29.220 GMT-0800,118.803,118.26700000000001,0.0132,0.0112
13.11.2023 07:03:33.234 GMT-0800,118.804,118.30600000000001,0.0132,0.0112
13.11.2023 07:03:33.626 GMT-0800,118.78399999999999,118.316,0.0009,0.0112
13.11.2023 07:03:33.782 GMT-0800,118.78399999999999,118.55600000000001,0.0132,0.0132
13.11.2023 07:03:36.527 GMT-0800,118.81299999999999,118.55700000000002,0.0132,0.0132
13.11.2023 07:03:36.734 GMT-0800,118.824,118.55600000000001,0.0132,0.0132
13.11.2023 07:03:47.270 GMT-0800,118.76299999999999,118.55700000000002,0.0009,0.009
13.11.2023 07:03:47.371 GMT-0800,118.764,118.596,0.0132,0.0132
13.11.2023 07:03:47.859 GMT-0800,118.834,118.596,0.0132,0.0132
13.11.2023 07:03:52.242 GMT-0800,118.87299999999999,118.59700000000001,0.0132,0.0132
13.11.2023 07:03:57.183 GMT-0800,118.87299999999999,118.507,0.0132,0.0132
13.11.2023 07:03:57.634 GMT-0800,118.894,118.506,0.0132,0.0132
13.11.2023 07:03:58.063 GMT-0800,118.854,118.506,0.0009,0.0112
13.11.2023 07:04:10.679 GMT-0800,118.804,118.596,0.0009,0.0132
13.11.2023 07:04:14.388 GMT-0800,118.773,118.59700000000001,0.0009,0.0132
13.11.2023 07:04:14.490 GMT-0800,118.76299999999999,118.59700000000001,0.0009,0.0132
13.11.2023 07:04:15.072 GMT-0800,118.754,118.596,0.0009,0.0132
13.11.2023 07:04:15.122 GMT-0800,118.734,118.506,0.0132,0.0132
13.11.2023 07:04:15.243 GMT-0800,118.754,118.506,0.0132,0.0132
13.11.2023 07:04:16.510 GMT-0800,118.854,118.506,0.0132,0.0132
13.11.2023 07:04:16.706 GMT-0800,118.814,118.506,0.0009,0.0132
13.11.2023 07:04:21.684 GMT-0800,118.794,118.506,0.0009,0.0132
13.11.2023 07:04:23.591 GMT-0800,118.743,118.507,0.0009,0.0132
13.11.2023 07:04:23.887 GMT-0800,118.794,118.506,0.0132,0.0132
13.11.2023 07:04:25.178 GMT-0800,118.65299999999999,118.507,0.0009,0.0132
13.11.2023 07:04:29.083 GMT-0800,118.65299999999999,118.507,0.0132,0.0112
13.11.2023 07:04:30.567 GMT-0800,118.734,118.566,0.0132,0.0132
13.11.2023 07:04:30.618 GMT-0800,118.664,118.566,0.0009,0.0132
13.11.2023 07:04:35.416 GMT-0800,118.663,118.507,0.0132,0.0132
13.11.2023 07:04:37.796 GMT-0800,118.65299999999999,118.507,0.0009,0.0132
13.11.2023 07:04:37.897 GMT-0800,118.644,118.506,0.0132,0.0132
13.11.2023 07:04:38.084 GMT-0800,118.633,118.507,0.0009,0.0132
13.11.2023 07:04:41.596 GMT-0800,118.614,118.506,0.0009,0.0132
13.11.2023 07:04:49.109 GMT-0800,118.643,118.507,0.0132,0.0132
13.11.2023 07:04:49.228 GMT-0800,118.633,118.507,0.0009,0.0132
13.11.2023 07:04:50.664 GMT-0800,118.644,118.506,0.0132,0.0132
13.11.2023 07:04:51.135 GMT-0800,118.634,118.506,0.0009,0.0132
13.11.2023 07:04:51.348 GMT-0800,118.644,118.506,0.0132,0.0132
13.11.2023 07:04:52.891 GMT-0800,118.634,118.506,0.0009,0.0132
13.11.2023 07:04:57.814 GMT-0800,118.704,118.506,0.0132,0.0132
13.11.2023 07:05:00.759 GMT-0800,118.704,118.506,0.009,0.0112
13.11.2023 07:05:00.916 GMT-0800,118.934,118.58600000000001,0.0132,0.0132
13.11.2023 07:05:00.975 GMT-0800,118.814,118.58600000000001,0.0132,0.0132
13.11.2023 07:05:01.090 GMT-0800,118.934,118.58600000000001,0.0132,0.0132
13.11.2023 07:05:03.774 GMT-0800,118.923,118.587,0.0009,0.0132
13.11.2023 07:05:03.875 GMT-0800,118.92399999999999,118.60600000000001,0.0132,0.0132
13.11.2023 07:05:04.021 GMT-0800,118.904,118.60600000000001,0.0132,0.0132
13.11.2023 07:05:04.161 GMT-0800,118.90299999999999,118.60700000000001,0.0132,0.0112
13.11.2023 07:05:04.263 GMT-0800,118.90299999999999,118.62700000000001,0.0132,0.0132
13.11.2023 07:05:05.440 GMT-0800,118.923,118.62700000000001,0.0132,0.0132
13.11.2023 07:05:05.569 GMT-0800,119.03399999999999,118.626,0.0132,0.0132
13.11.2023 07:05:05.696 GMT-0800,118.804,118.626,0.0009,0.0132
13.11.2023 07:05:05.871 GMT-0800,118.804,118.626,0.009,0.0112
13.11.2023 07:05:05.921 GMT-0800,118.984,118.71600000000001,0.0132,0.0132
13.11.2023 07:05:06.431 GMT-0800,119.004,118.71600000000001,0.0132,0.0132
13.11.2023 07:05:06.721 GMT-0800,118.884,118.71600000000001,0.0009,0.0132
13.11.2023 07:05:06.932 GMT-0800,118.884,118.676,0.0132,0.0132
13.11.2023 07:05:16.706 GMT-0800,118.87299999999999,118.677,0.0009,0.0132
13.11.2023 07:05:21.724 GMT-0800,118.864,118.676,0.0009,0.0132
13.11.2023 07:05:26.734 GMT-0800,118.913,118.677,0.0132,0.0132
13.11.2023 07:05:28.579 GMT-0800,118.913,118.677,0.0132,0.0112
13.11.2023 07:05:28.797 GMT-0800,119.124,118.74600000000001,0.0132,0.0132
13.11.2023 07:05:28.861 GMT-0800,119.12299999999999,118.70700000000001,0.0132,0.0132
13.11.2023 07:05:29.326 GMT-0800,119.094,118.706,0.0009,0.0132
13.11.2023 07:05:29.786 GMT-0800,119.074,118.706,0.0009,0.0132
13.11.2023 07:05:32.171 GMT-0800,119.094,118.706,0.0132,0.0132
13.11.2023 07:05:33.736 GMT-0800,119.074,118.706,0.0009,0.0132
13.11.2023 07:05:35.009 GMT-0800,119.094,118.706,0.0132,0.0132
13.11.2023 07:05:35.539 GMT-0800,119.184,118.706,0.0132,0.0132
13.11.2023 07:05:36.716 GMT-0800,118.944,118.706,0.0009,0.0132
13.11.2023 07:05:39.051 GMT-0800,118.943,118.70700000000001,0.009,0.0112
13.11.2023 07:05:39.101 GMT-0800,119.184,118.706,0.0132,0.0132
13.11.2023 07:05:43.409 GMT-0800,119.003,118.70700000000001,0.0009,0.0132
13.11.2023 07:05:48.750 GMT-0800,118.864,118.706,0.0132,0.0132
13.11.2023 07:05:48.801 GMT-0800,119.004,118.706,0.0132,0.0132
13.11.2023 07:05:48.960 GMT-0800,118.993,118.70700000000001,0.0132,0.0132
13.11.2023 07:05:49.630 GMT-0800,119.004,118.706,0.0132,0.0132
13.11.2023 07:05:49.763 GMT-0800,118.973,118.70700000000001,0.0009,0.0132
13.11.2023 07:05:50.647 GMT-0800,118.943,118.70700000000001,0.0009,0.0132
13.11.2023 07:05:53.267 GMT-0800,118.973,118.70700000000001,0.0132,0.0132
13.11.2023 07:05:54.071 GMT-0800,118.913,118.70700000000001,0.0009,0.0132
13.11.2023 07:05:55.433 GMT-0800,119.04299999999999,118.70700000000001,0.0132,0.0132
13.11.2023 07:05:55.484 GMT-0800,119.003,118.70700000000001,0.0132,0.0132
13.11.2023 07:05:57.162 GMT-0800,119.023,118.70700000000001,0.0132,0.0132
13.11.2023 07:05:57.277 GMT-0800,119.003,118.70700000000001,0.0009,0.0132
13.11.2023 07:06:01.898 GMT-0800,119.023,118.70700000000001,0.0132,0.0132
13.11.2023 07:06:01.999 GMT-0800,119.003,118.70700000000001,0.0009,0.0132
13.11.2023 07:06:02.263 GMT-0800,119.024,118.706,0.0132,0.0132
13.11.2023 07:06:03.286 GMT-0800,119.023,118.70700000000001,0.0132,0.0112
13.11.2023 07:06:03.461 GMT-0800,119.024,118.71600000000001,0.0132,0.0132
13.11.2023 07:06:15.581 GMT-0800,118.984,118.71600000000001,0.0009,0.0132
13.11.2023 07:06:19.924 GMT-0800,118.95299999999999,118.71700000000001,0.0009,0.0132
13.11.2023 07:06:21.711 GMT-0800,118.893,118.71700000000001,0.0009,0.0132
13.11.2023 07:06:29.197 GMT-0800,118.833,118.71700000000001,0.0009,0.0132
13.11.2023 07:06:30.135 GMT-0800,118.893,118.71700000000001,0.0132,0.0132
13.11.2023 07:06:31.701 GMT-0800,118.863,118.71700000000001,0.0009,0.0132
13.11.2023 07:06:36.918 GMT-0800,118.904,118.71600000000001,0.0132,0.0132
13.11.2023 07:06:37.463 GMT-0800,118.98299999999999,118.71700000000001,0.0132,0.0132
13.11.2023 07:06:41.294 GMT-0800,118.92399999999999,118.71600000000001,0.0009,0.0132
13.11.2023 07:06:41.345 GMT-0800,119.04299999999999,118.71700000000001,0.0132,0.0132
13.11.2023 07:06:43.194 GMT-0800,119.044,118.706,0.0132,0.0132
13.11.2023 07:06:45.336 GMT-0800,119.03399999999999,118.706,0.0009,0.0132
13.11.2023 07:06:45.510 GMT-0800,119.083,118.70700000000001,0.0132,0.0132
13.11.2023 07:06:45.561 GMT-0800,119.023,118.70700000000001,0.0132,0.0132
13.11.2023 07:06:45.830 GMT-0800,119.084,118.706,0.0132,0.0132
13.11.2023 07:06:46.046 GMT-0800,119.18299999999999,118.70700000000001,0.0132,0.0132
13.11.2023 07:06:47.168 GMT-0800,119.04299999999999,118.70700000000001,0.0009,0.0132
13.11.2023 07:06:48.365 GMT-0800,119.023,118.74700000000001,0.0009,0.0132
13.11.2023 07:06:48.590 GMT-0800,119.184,118.74600000000001,0.0132,0.0132
13.11.2023 07:07:00.243 GMT-0800,119.184,118.706,0.0132,0.0132
13.11.2023 07:07:18.191 GMT-0800,118.95299999999999,118.70700000000001,0.0009,0.0132
13.11.2023 07:07:50.971 GMT-0800,118.954,118.706,0.0132,0.0112
13.11.2023 07:07:51.110 GMT-0800,118.95299999999999,118.76700000000001,0.009,0.0112
13.11.2023 07:07:51.161 GMT-0800,119.09299999999999,118.77700000000002,0.0132,0.0132
13.11.2023 07:07:51.212 GMT-0800,119.18299999999999,118.76700000000001,0.0132,0.0132
13.11.2023 07:07:54.886 GMT-0800,118.934,118.766,0.0009,0.0132
13.11.2023 07:07:54.936 GMT-0800,119.073,118.76700000000001,0.0009,0.0132
13.11.2023 07:07:55.011 GMT-0800,119.084,118.766,0.0009,0.0132
13.11.2023 07:08:08.346 GMT-0800,118.90299999999999,118.76700000000001,0.0009,0.0132
13.11.2023 07:08:12.864 GMT-0800,119.084,118.766,0.0132,0.0132
13.11.2023 07:08:19.172 GMT-0800,118.93299999999999,118.76700000000001,0.0009,0.0132
13.11.2023 07:08:36.276 GMT-0800,118.923,118.76700000000001,0.0009,0.0132
13.11.2023 07:09:01.025 GMT-0800,118.934,118.766,0.0132,0.0132
13.11.2023 07:09:02.322 GMT-0800,119.084,118.766,0.0132,0.0132
13.11.2023 07:09:18.239 GMT-0800,119.083,118.76700000000001,0.0132,0.0112
13.11.2023 07:09:18.290 GMT-0800,119.084,118.766,0.0132,0.0132
13.11.2023 07:09:20.807 GMT-0800,119.083,118.76700000000001,0.0132,0.0112
13.11.2023 07:09:22.447 GMT-0800,119.083,118.79700000000001,0.0132,0.0112
13.11.2023 07:09:23.493 GMT-0800,119.083,118.79700000000001,0.0132,0.0132
13.11.2023 07:09:27.264 GMT-0800,119.084,118.796,0.0132,0.0112
13.11.2023 07:09:45.525 GMT-0800,119.084,118.846,0.0132,0.0112
13.11.2023 07:09:45.576 GMT-0800,119.083,118.84700000000001,0.0132,0.0112
13.11.2023 07:09:47.116 GMT-0800,119.084,118.846,0.0132,0.0132
13.11.2023 07:09:55.159 GMT-0800,119.014,118.846,0.0009,0.0132
13.11.2023 07:10:02.103 GMT-0800,119.004,118.846,0.0009,0.0132
13.11.2023 07:10:02.154 GMT-0800,119.004,118.82600000000001,0.0132,0.0132
13.11.2023 07:10:05.215 GMT-0800,118.993,118.82700000000001,0.0009,0.0112
13.11.2023 07:10:05.266 GMT-0800,119.003,118.82700000000001,0.0132,0.0132
13.11.2023 07:10:18.563 GMT-0800,119.084,118.82600000000001,0.0132,0.0132
13.11.2023 07:10:26.057 GMT-0800,119.023,118.82700000000001,0.0009,0.0132
13.11.2023 07:10:26.159 GMT-0800,119.083,118.82700000000001,0.0132,0.0132
13.11.2023 07:10:28.434 GMT-0800,119.084,118.796,0.0132,0.0132
13.11.2023 07:10:30.795 GMT-0800,118.974,118.796,0.0009,0.0132
13.11.2023 07:10:30.897 GMT-0800,118.973,118.70700000000001,0.0132,0.009
13.11.2023 07:10:31.050 GMT-0800,118.84299999999999,118.65700000000001,0.0009,0.0132
13.11.2023 07:10:31.100 GMT-0800,118.974,118.656,0.0132,0.0132
13.11.2023 07:10:31.516 GMT-0800,118.934,118.656,0.0009,0.0132
13.11.2023 07:10:32.254 GMT-0800,118.764,118.656,0.0009,0.0132
13.11.2023 07:10:33.177 GMT-0800,118.81299999999999,118.51700000000001,0.0132,0.0132
13.11.2023 07:10:33.383 GMT-0800,118.854,118.516,0.0132,0.0132
13.11.2023 07:10:33.529 GMT-0800,118.833,118.507,0.0009,0.0132
13.11.2023 07:10:33.984 GMT-0800,118.834,118.506,0.0132,0.0112
13.11.2023 07:10:39.045 GMT-0800,118.704,118.516,0.0009,0.0132
13.11.2023 07:10:40.302 GMT-0800,118.70299999999999,118.49700000000001,0.0132,0.0132
13.11.2023 07:10:40.508 GMT-0800,118.70299999999999,118.49700000000001,0.0132,0.0112
13.11.2023 07:10:40.603 GMT-0800,118.704,118.49600000000001,0.0132,0.0112
13.11.2023 07:10:40.666 GMT-0800,118.70299999999999,118.49700000000001,0.0132,0.0132
13.11.2023 07:10:41.100 GMT-0800,118.65299999999999,118.49700000000001,0.0009,0.009
13.11.2023 07:10:41.169 GMT-0800,118.654,118.366,0.0132,0.0132
13.11.2023 07:10:49.137 GMT-0800,118.654,118.366,0.0132,0.0112
13.11.2023 07:10:54.659 GMT-0800,118.65299999999999,118.46700000000001,0.009,0.0112
13.11.2023 07:10:54.710 GMT-0800,118.70299999999999,118.477,0.0132,0.0132
13.11.2023 07:10:55.765 GMT-0800,118.704,118.46600000000001,0.0132,0.0132
13.11.2023 07:11:27.111 GMT-0800,118.664,118.46600000000001,0.0009,0.0132
13.11.2023 07:11:29.041 GMT-0800,118.634,118.46600000000001,0.0009,0.0132
13.11.2023 07:12:11.543 GMT-0800,118.633,118.337,0.0132,0.0132
13.11.2023 07:12:11.594 GMT-0800,118.544,118.33600000000001,0.0132,0.0132
13.11.2023 07:12:13.756 GMT-0800,118.634,118.33600000000001,0.0132,0.0132
13.11.2023 07:12:13.807 GMT-0800,118.493,118.337,0.0009,0.0132
13.11.2023 07:12:18.158 GMT-0800,118.494,118.33600000000001,0.009,0.0112
13.11.2023 07:12:18.208 GMT-0800,118.584,118.41600000000001,0.0132,0.0132
13.11.2023 07:12:18.675 GMT-0800,118.633,118.41700000000002,0.0132,0.0132
13.11.2023 07:12:19.315 GMT-0800,118.634,118.33600000000001,0.0132,0.0132
13.11.2023 07:12:25.724 GMT-0800,118.613,118.337,0.0009,0.0132
13.11.2023 07:12:25.895 GMT-0800,118.633,118.337,0.0132,0.0132
13.11.2023 07:12:31.440 GMT-0800,118.614,118.33600000000001,0.0009,0.0132
13.11.2023 07:12:31.542 GMT-0800,118.634,118.33600000000001,0.0132,0.0132
13.11.2023 07:12:34.572 GMT-0800,118.633,118.337,0.0132,0.0112
13.11.2023 07:12:34.623 GMT-0800,118.633,118.337,0.0132,0.0112
13.11.2023 07:12:38.711 GMT-0800,118.633,118.37700000000001,0.0132,0.0112
13.11.2023 07:12:40.967 GMT-0800,118.633,118.37700000000001,0.0132,0.0132
13.11.2023 07:12:54.504 GMT-0800,118.633,118.337,0.0132,0.0132
13.11.2023 07:13:14.297 GMT-0800,118.603,118.337,0.0009,0.0132
13.11.2023 07:13:15.967 GMT-0800,118.614,118.33600000000001,0.0132,0.0132
13.11.2023 07:13:16.997 GMT-0800,118.613,118.337,0.009,0.0112
13.11.2023 07:13:17.095 GMT-0800,118.633,118.46700000000001,0.0132,0.0132
13.11.2023 07:13:28.761 GMT-0800,118.634,118.46600000000001,0.009,0.0112
13.11.2023 07:13:28.812 GMT-0800,118.704,118.46600000000001,0.0132,0.0132
13.11.2023 07:13:33.977 GMT-0800,118.704,118.46600000000001,0.009,0.0112
13.11.2023 07:13:34.028 GMT-0800,118.783,118.537,0.0132,0.0132
13.11.2023 07:13:34.079 GMT-0800,118.90299999999999,118.65700000000001,0.0132,0.0132
13.11.2023 07:13:34.129 GMT-0800,118.904,118.616,0.0132,0.0132
13.11.2023 07:13:34.231 GMT-0800,119.023,118.617,0.0132,0.0132
13.11.2023 07:13:34.605 GMT-0800,118.923,118.617,0.0009,0.0132
13.11.2023 07:13:34.907 GMT-0800,118.904,118.616,0.0009,0.0132
13.11.2023 07:13:40.429 GMT-0800,118.81299999999999,118.617,0.0009,0.0132
13.11.2023 07:13:47.341 GMT-0800,118.90299999999999,118.617,0.0132,0.0132
13.11.2023 07:13:48.700 GMT-0800,118.92399999999999,118.616,0.0132,0.0132
13.11.2023 07:13:54.199 GMT-0800,118.923,118.617,0.0132,0.0112
13.11.2023 07:13:58.748 GMT-0800,119.024,118.656,0.0132,0.0132
13.11.2023 07:14:15.966 GMT-0800,118.87299999999999,118.65700000000001,0.0009,0.0132
13.11.2023 07:14:17.944 GMT-0800,118.874,118.656,0.0132,0.0112
13.11.2023 07:14:18.668 GMT-0800,118.844,118.686,0.0009,0.0132
13.11.2023 07:14:50.178 GMT-0800,119.01299999999999,118.68700000000001,0.0132,0.0132
13.11.2023 07:14:51.052 GMT-0800,118.984,118.686,0.0009,0.0132
13.11.2023 07:14:54.365 GMT-0800,119.004,118.686,0.0132,0.0132
13.11.2023 07:14:54.416 GMT-0800,119.004,118.686,0.009,0.0112
13.11.2023 07:14:54.629 GMT-0800,119.083,118.727,0.0132,0.0132
13.11.2023 07:15:02.975 GMT-0800,119.06299999999999,118.727,0.0009,0.0132
13.11.2023 07:15:03.231 GMT-0800,119.084,118.726,0.0132,0.0132
13.11.2023 07:15:07.005 GMT-0800,119.04299999999999,118.727,0.0009,0.0132
13.11.2023 07:15:07.157 GMT-0800,119.083,118.727,0.0132,0.0132
13.11.2023 07:15:08.565 GMT-0800,118.98299999999999,118.727,0.0009,0.0132
13.11.2023 07:15:09.620 GMT-0800,119.084,118.726,0.0132,0.0132
13.11.2023 07:15:12.267 GMT-0800,119.064,118.726,0.0009,0.0132
13.11.2023 07:15:13.139 GMT-0800,119.044,118.756,0.009,0.0132
13.11.2023 07:15:13.189 GMT-0800,119.064,118.756,0.0132,0.0132
13.11.2023 07:15:13.789 GMT-0800,119.084,118.756,0.0132,0.0132
13.11.2023 07:15:18.243 GMT-0800,119.064,118.756,0.0009,0.0132
13.11.2023 07:15:18.864 GMT-0800,119.083,118.757,0.0132,0.0132
13.11.2023 07:15:22.539 GMT-0800,119.04299999999999,118.757,0.0009,0.0132
13.11.2023 07:15:30.049 GMT-0800,118.95299999999999,118.757,0.0009,0.0132
13.11.2023 07:15:30.099 GMT-0800,119.03399999999999,118.756,0.0132,0.0132
13.11.2023 07:15:30.150 GMT-0800,119.023,118.757,0.0009,0.0132
13.11.2023 07:15:31.017 GMT-0800,119.084,118.756,0.0132,0.0132
13.11.2023 07:15:31.068 GMT-0800,119.024,118.756,0.0132,0.0132
13.11.2023 07:15:31.760 GMT-0800,119.083,118.757,0.0132,0.0132
13.11.2023 07:15:31.952 GMT-0800,118.993,118.757,0.0009,0.0132
13.11.2023 07:15:32.053 GMT-0800,119.014,118.756,0.0132,0.0132
13.11.2023 07:15:32.104 GMT-0800,118.993,118.757,0.0009,0.0132
13.11.2023 07:15:33.694 GMT-0800,119.083,118.757,0.0132,0.0132
13.11.2023 07:15:33.881 GMT-0800,119.01299999999999,118.757,0.0009,0.0132
13.11.2023 07:15:33.983 GMT-0800,118.994,118.756,0.0132,0.0132
13.11.2023 07:15:49.573 GMT-0800,118.883,118.757,0.0009,0.009
13.11.2023 07:15:49.624 GMT-0800,118.98299999999999,118.68700000000001,0.0132,0.0132
13.11.2023 07:15:49.882 GMT-0800,118.78,118.686,0.0009,0.009
13.11.2023 07:15:49.933 GMT-0800,118.984,118.676,0.0132,0.0132
13.11.2023 07:15:50.750 GMT-0800,118.98299999999999,118.63700000000001,0.0132,0.0132
13.11.2023 07:15:51.115 GMT-0800,118.824,118.63600000000001,0.0009,0.009
13.11.2023 07:15:51.166 GMT-0800,118.844,118.63600000000001,0.0009,0.009
13.11.2023 07:15:51.217 GMT-0800,118.98299999999999,118.617,0.0132,0.0132
13.11.2023 07:15:51.425 GMT-0800,118.824,118.616,0.0009,0.0132
13.11.2023 07:15:51.577 GMT-0800,118.834,118.616,0.0132,0.0132
13.11.2023 07:15:52.121 GMT-0800,118.673,118.617,0.0009,0.009
13.11.2023 07:15:52.172 GMT-0800,118.823,118.57700000000001,0.0132,0.0132
13.11.2023 07:15:52.534 GMT-0800,118.704,118.57600000000001,0.0009,0.009
13.11.2023 07:15:52.585 GMT-0800,118.823,118.57700000000001,0.0132,0.009
13.11.2023 07:15:52.861 GMT-0800,118.823,118.38700000000001,0.0132,0.0132
13.11.2023 07:15:53.820 GMT-0800,118.824,118.376,0.0132,0.0132
13.11.2023 07:15:58.914 GMT-0800,118.824,118.35600000000001,0.0132,0.0132
13.11.2023 07:15:59.211 GMT-0800,118.704,118.35600000000001,0.0009,0.009
13.11.2023 07:15:59.262 GMT-0800,118.70299999999999,118.337,0.0132,0.0132
13.11.2023 07:15:59.363 GMT-0800,118.693,118.23700000000001,0.0132,0.0132
13.11.2023 07:16:00.463 GMT-0800,118.70299999999999,118.23700000000001,0.0132,0.0132
13.11.2023 07:16:01.765 GMT-0800,118.693,118.23700000000001,0.0009,0.0132
13.11.2023 07:16:02.119 GMT-0800,118.704,118.236,0.0132,0.0132
13.11.2023 07:16:10.158 GMT-0800,118.70299999999999,118.23700000000001,0.0132,0.0112
13.11.2023 07:16:19.089 GMT-0800,118.773,118.337,0.0132,0.0132
13.11.2023 07:16:43.787 GMT-0800,118.774,118.236,0.0132,0.0132
13.11.2023 07:16:44.093 GMT-0800,118.773,118.23700000000001,0.0132,0.0112
13.11.2023 07:16:44.990 GMT-0800,118.774,118.236,0.0132,0.0132
13.11.2023 07:16:45.283 GMT-0800,118.614,118.236,0.0009,0.0132
13.11.2023 07:16:47.829 GMT-0800,118.614,118.236,0.0132,0.0112
13.11.2023 07:17:02.142 GMT-0800,118.613,118.337,0.009,0.0112
13.11.2023 07:17:03.009 GMT-0800,118.773,118.507,0.0132,0.0132
13.11.2023 07:17:15.667 GMT-0800,118.773,118.507,0.0132,0.0112
13.11.2023 07:17:46.156 GMT-0800,118.775,118.63600000000001,0.009,0.0112
13.11.2023 07:17:46.207 GMT-0800,118.994,118.63600000000001,0.0132,0.0132
13.11.2023 07:18:03.036 GMT-0800,118.93299999999999,118.63700000000001,0.0009,0.0132
13.11.2023 07:18:06.226 GMT-0800,118.913,118.63700000000001,0.0009,0.0132
13.11.2023 07:18:06.377 GMT-0800,118.93299999999999,118.63700000000001,0.0132,0.0132
13.11.2023 07:18:06.428 GMT-0800,118.853,118.63700000000001,0.0132,0.0132
13.11.2023 07:18:08.604 GMT-0800,118.934,118.63600000000001,0.0132,0.0132
13.11.2023 07:18:08.655 GMT-0800,118.844,118.63600000000001,0.0132,0.0132
13.11.2023 07:18:08.773 GMT-0800,118.934,118.63600000000001,0.0132,0.0132
13.11.2023 07:18:08.824 GMT-0800,118.853,118.63700000000001,0.0132,0.0132
13.11.2023 07:18:21.988 GMT-0800,118.934,118.63600000000001,0.0132,0.0132
13.11.2023 07:18:22.039 GMT-0800,118.844,118.63600000000001,0.0132,0.0132
13.11.2023 07:18:22.816 GMT-0800,118.93299999999999,118.63700000000001,0.0132,0.0132
13.11.2023 07:18:22.967 GMT-0800,118.853,118.63700000000001,0.0132,0.0132
13.11.2023 07:18:52.478 GMT-0800,118.964,118.63600000000001,0.0132,0.0132
13.11.2023 07:18:54.004 GMT-0800,118.963,118.63700000000001,0.0132,0.0112
13.11.2023 07:18:54.992 GMT-0800,118.963,118.65700000000001,0.0132,0.009
13.11.2023 07:18:55.043 GMT-0800,118.963,118.647,0.0132,0.0132
13.11.2023 07:19:25.047 GMT-0800,118.904,118.646,0.0009,0.0132
13.11.2023 07:19:26.041 GMT-0800,118.90299999999999,118.647,0.009,0.0112
13.11.2023 07:19:26.092 GMT-0800,118.904,118.646,0.009,0.0132
13.11.2023 07:19:26.210 GMT-0800,118.963,118.647,0.0132,0.0132
13.11.2023 07:19:36.251 GMT-0800,118.964,118.646,0.0132,0.0112
13.11.2023 07:19:39.402 GMT-0800,118.963,118.647,0.0132,0.0132
13.11.2023 07:19:39.522 GMT-0800,118.964,118.646,0.0132,0.0112
13.11.2023 07:19:40.775 GMT-0800,118.963,118.647,0.0132,0.0132
13.11.2023 07:19:42.735 GMT-0800,118.964,118.646,0.0132,0.0112
13.11.2023 07:19:42.848 GMT-0800,118.963,118.647,0.0132,0.0132
13.11.2023 07:19:43.423 GMT-0800,118.913,118.647,0.0009,0.0132
13.11.2023 07:20:00.933 GMT-0800,118.90299999999999,118.647,0.0132,0.0132
13.11.2023 07:20:01.417 GMT-0800,118.913,118.647,0.0132,0.0132
13.11.2023 07:20:01.467 GMT-0800,118.893,118.647,0.0132,0.0132
13.11.2023 07:20:01.771 GMT-0800,118.913,118.647,0.0132,0.0132
13.11.2023 07:20:01.821 GMT-0800,118.90299999999999,118.647,0.0132,0.0132
13.11.2023 07:20:01.872 GMT-0800,118.913,118.647,0.0132,0.0132
13.11.2023 07:20:01.937 GMT-0800,118.894,118.646,0.0132,0.0132
13.11.2023 07:20:02.779 GMT-0800,118.913,118.647,0.0132,0.0132
13.11.2023 07:20:02.914 GMT-0800,118.884,118.646,0.0009,0.0132
13.11.2023 07:20:03.364 GMT-0800,118.913,118.647,0.0132,0.0132
13.11.2023 07:20:03.415 GMT-0800,118.87299999999999,118.647,0.0132,0.0132
13.11.2023 07:20:05.559 GMT-0800,118.95299999999999,118.647,0.0132,0.0132
13.11.2023 07:20:05.610 GMT-0800,118.854,118.646,0.0132,0.0132
13.11.2023 07:20:06.070 GMT-0800,119.003,118.647,0.0132,0.0132
13.11.2023 07:20:06.120 GMT-0800,118.84299999999999,118.647,0.0132,0.0132
13.11.2023 07:20:06.570 GMT-0800,119.003,118.647,0.0132,0.0132
13.11.2023 07:20:06.692 GMT-0800,118.834,118.646,0.0009,0.0132
13.11.2023 07:20:07.657 GMT-0800,119.004,118.646,0.0132,0.0132
13.11.2023 07:20:07.707 GMT-0800,118.823,118.647,0.0132,0.0132
13.11.2023 07:20:08.587 GMT-0800,118.874,118.646,0.009,0.0132
13.11.2023 07:20:08.638 GMT-0800,119.083,118.647,0.0132,0.0132
13.11.2023 07:20:08.690 GMT-0800,118.81299999999999,118.647,0.0132,0.0132
13.11.2023 07:20:09.147 GMT-0800,118.81299999999999,118.63700000000001,0.0132,0.0132
13.11.2023 07:20:11.412 GMT-0800,118.753,118.63700000000001,0.0009,0.0132
13.11.2023 07:20:19.700 GMT-0800,118.754,118.63600000000001,0.0132,0.0112
13.11.2023 07:20:22.552 GMT-0800,118.814,118.646,0.0132,0.0132
13.11.2023 07:20:23.035 GMT-0800,118.734,118.646,0.0009,0.0132
13.11.2023 07:20:28.895 GMT-0800,118.774,118.646,0.0132,0.0132
13.11.2023 07:20:33.572 GMT-0800,118.714,118.436,0.0132,0.0132
13.11.2023 07:20:33.623 GMT-0800,118.65299999999999,118.43700000000001,0.0132,0.0132
13.11.2023 07:20:33.809 GMT-0800,118.654,118.376,0.0132,0.0132
13.11.2023 07:20:35.333 GMT-0800,118.65299999999999,118.37700000000001,0.0132,0.0112
13.11.2023 07:20:36.585 GMT-0800,118.773,118.43700000000001,0.0132,0.0132
13.11.2023 07:20:36.802 GMT-0800,118.694,118.436,0.0009,0.0132
13.11.2023 07:20:37.479 GMT-0800,118.694,118.436,0.0132,0.0112
13.11.2023 07:20:38.632 GMT-0800,118.654,118.456,0.0009,0.0132
13.11.2023 07:20:40.576 GMT-0800,118.693,118.45700000000001,0.0132,0.0132
13.11.2023 07:20:44.186 GMT-0800,118.65299999999999,118.45700000000001,0.0009,0.0132
13.11.2023 07:20:44.443 GMT-0800,118.694,118.456,0.0132,0.0132
13.11.2023 07:20:47.163 GMT-0800,118.694,118.436,0.0132,0.0132
13.11.2023 07:20:47.214 GMT-0800,118.65299999999999,118.43700000000001,0.0132,0.0132
13.11.2023 07:20:47.391 GMT-0800,118.65299999999999,118.45700000000001,0.009,0.0132
13.11.2023 07:20:47.442 GMT-0800,118.693,118.45700000000001,0.0132,0.0132
13.11.2023 07:20:48.863 GMT-0800,118.693,118.43700000000001,0.0132,0.0132
13.11.2023 07:21:00.199 GMT-0800,118.694,118.376,0.0132,0.0132
13.11.2023 07:21:13.324 GMT-0800,118.65299999999999,118.37700000000001,0.0009,0.0132
13.11.2023 07:21:14.563 GMT-0800,118.65299999999999,118.37700000000001,0.0132,0.0112
13.11.2023 07:21:14.669 GMT-0800,118.654,118.376,0.0132,0.0132
13.11.2023 07:21:21.778 GMT-0800,118.613,118.37700000000001,0.0009,0.0132
13.11.2023 07:21:21.930 GMT-0800,118.65299999999999,118.37700000000001,0.0132,0.0132
13.11.2023 07:21:22.537 GMT-0800,118.614,118.376,0.0009,0.0132
13.11.2023 07:21:24.977 GMT-0800,118.613,118.367,0.0132,0.0132
13.11.2023 07:21:28.536 GMT-0800,118.614,118.366,0.0132,0.0112
13.11.2023 07:21:28.688 GMT-0800,118.613,118.367,0.0132,0.0132
13.11.2023 07:21:40.618 GMT-0800,118.614,118.366,0.0132,0.0112
13.11.2023 07:21:44.570 GMT-0800,118.614,118.426,0.0132,0.0112
13.11.2023 07:21:50.342 GMT-0800,118.603,118.43700000000001,0.0009,0.0132
13.11.2023 07:21:52.473 GMT-0800,118.59299999999999,118.43700000000001,0.0009,0.0132
13.11.2023 07:22:28.466 GMT-0800,118.463,118.43700000000001,0.0009,0.009
13.11.2023 07:22:28.516 GMT-0800,118.59299999999999,118.367,0.0132,0.0132
13.11.2023 07:22:29.889 GMT-0800,118.533,118.367,0.0009,0.0132
13.11.2023 07:22:40.798 GMT-0800,118.514,118.366,0.0009,0.0132
13.11.2023 07:22:42.334 GMT-0800,118.533,118.367,0.0132,0.0132
13.11.2023 07:23:25.351 GMT-0800,118.53399999999999,118.366,0.0132,0.0112
13.11.2023 07:23:25.402 GMT-0800,118.62299999999999,118.447,0.0132,0.0132
13.11.2023 07:23:25.453 GMT-0800,118.62299999999999,118.367,0.0132,0.0132
13.11.2023 07:23:38.246 GMT-0800,118.48299999999999,118.367,0.0009,0.0132
13.11.2023 07:23:38.297 GMT-0800,118.624,118.366,0.0132,0.0132
13.11.2023 07:23:39.174 GMT-0800,118.604,118.366,0.0009,0.0132
13.11.2023 07:23:39.371 GMT-0800,118.594,118.366,0.009,0.0132
13.11.2023 07:23:39.425 GMT-0800,118.604,118.366,0.0132,0.0132
13.11.2023 07:23:42.284 GMT-0800,118.56299999999999,118.367,0.0009,0.0132
13.11.2023 07:23:42.385 GMT-0800,118.564,118.346,0.0132,0.0132
13.11.2023 07:23:43.412 GMT-0800,118.53399999999999,118.346,0.0009,0.0132
13.11.2023 07:23:43.626 GMT-0800,118.443,118.34700000000001,0.0009,0.009
13.11.2023 07:23:43.676 GMT-0800,118.444,118.146,0.0132,0.0132
13.11.2023 07:23:45.294 GMT-0800,118.444,118.146,0.0132,0.0112
13.11.2023 07:23:45.345 GMT-0800,118.444,118.146,0.0132,0.0112
13.11.2023 07:23:45.592 GMT-0800,118.444,118.16600000000001,0.0132,0.0132
13.11.2023 07:23:49.510 GMT-0800,118.443,118.16700000000002,0.0132,0.0112
13.11.2023 07:23:49.611 GMT-0800,118.464,118.226,0.0132,0.0132
13.11.2023 07:23:50.047 GMT-0800,118.42399999999999,118.226,0.0009,0.0132
13.11.2023 07:23:56.288 GMT-0800,118.423,118.227,0.0132,0.0112
13.11.2023 07:24:04.527 GMT-0800,118.423,118.227,0.0132,0.0132
13.11.2023 07:24:12.153 GMT-0800,118.423,118.227,0.009,0.0112
13.11.2023 07:24:12.204 GMT-0800,118.514,118.226,0.0132,0.0132
13.11.2023 07:24:15.457 GMT-0800,118.514,118.316,0.0132,0.0132
13.11.2023 07:24:29.380 GMT-0800,118.573,118.31700000000001,0.0132,0.0132
13.11.2023 07:25:18.694 GMT-0800,118.573,118.31700000000001,0.009,0.0112
13.11.2023 07:25:18.745 GMT-0800,118.644,118.41600000000001,0.0132,0.0132
13.11.2023 07:25:18.796 GMT-0800,118.643,118.45700000000001,0.0132,0.0132
13.11.2023 07:25:19.031 GMT-0800,118.76299999999999,118.45700000000001,0.0132,0.0132
13.11.2023 07:25:19.082 GMT-0800,118.783,118.54700000000001,0.0132,0.0132
13.11.2023 07:25:19.272 GMT-0800,118.764,118.546,0.0009,0.0132
13.11.2023 07:25:19.373 GMT-0800,118.764,118.55600000000001,0.0132,0.0132
13.11.2023 07:25:19.732 GMT-0800,118.78399999999999,118.546,0.0132,0.0132
13.11.2023 07:25:19.783 GMT-0800,118.78399999999999,118.566,0.0132,0.0132
13.11.2023 07:25:22.006 GMT-0800,118.67399999999999,118.566,0.0009,0.0132
13.11.2023 07:25:26.155 GMT-0800,118.783,118.56700000000001,0.0132,0.0132
13.11.2023 07:25:29.875 GMT-0800,118.673,118.56700000000001,0.0009,0.0132
13.11.2023 07:25:32.519 GMT-0800,118.783,118.45700000000001,0.0132,0.0132
13.11.2023 07:25:32.570 GMT-0800,118.574,118.456,0.0132,0.0132
13.11.2023 07:25:34.561 GMT-0800,118.633,118.337,0.0132,0.0132
13.11.2023 07:25:34.612 GMT-0800,118.62299999999999,118.337,0.0009,0.0132
13.11.2023 07:25:35.011 GMT-0800,118.633,118.337,0.0132,0.0132
13.11.2023 07:25:35.062 GMT-0800,118.573,118.337,0.0009,0.0112
13.11.2023 07:25:36.144 GMT-0800,118.624,118.366,0.0132,0.0132
13.11.2023 07:25:36.194 GMT-0800,118.574,118.366,0.0132,0.0132
13.11.2023 07:25:36.330 GMT-0800,118.624,118.366,0.0132,0.0132
13.11.2023 07:25:36.695 GMT-0800,118.574,118.366,0.0009,0.0132
13.11.2023 07:25:36.746 GMT-0800,118.624,118.366,0.0132,0.0132
13.11.2023 07:25:39.098 GMT-0800,118.573,118.367,0.0009,0.0132
13.11.2023 07:25:39.446 GMT-0800,118.624,118.366,0.0132,0.0132
13.11.2023 07:25:41.826 GMT-0800,118.573,118.367,0.0009,0.0132
13.11.2023 07:25:42.026 GMT-0800,118.62299999999999,118.367,0.0132,0.0132
13.11.2023 07:25:42.890 GMT-0800,118.574,118.366,0.0009,0.0132
13.11.2023 07:25:43.426 GMT-0800,118.62299999999999,118.367,0.0132,0.0132
13.11.2023 07:25:44.098 GMT-0800,118.574,118.366,0.0009,0.0132
13.11.2023 07:25:45.067 GMT-0800,118.62299999999999,118.367,0.0132,0.0132
13.11.2023 07:25:45.573 GMT-0800,118.573,118.367,0.0009,0.0132
13.11.2023 07:25:46.074 GMT-0800,118.62299999999999,118.367,0.0132,0.0132
13.11.2023 07:25:46.330 GMT-0800,118.65299999999999,118.367,0.0132,0.0132
13.11.2023 07:25:46.456 GMT-0800,118.62299999999999,118.367,0.0132,0.0132
13.11.2023 07:25:48.124 GMT-0800,118.654,118.366,0.0132,0.0132
13.11.2023 07:25:48.175 GMT-0800,118.573,118.367,0.0132,0.0132
13.11.2023 07:25:48.322 GMT-0800,118.654,118.366,0.0132,0.0132
13.11.2023 07:25:48.435 GMT-0800,118.624,118.366,0.0009,0.0132
13.11.2023 07:25:49.100 GMT-0800,118.654,118.366,0.0132,0.0132
13.11.2023 07:25:49.150 GMT-0800,118.573,118.367,0.0132,0.0132
13.11.2023 07:25:50.091 GMT-0800,118.633,118.367,0.0132,0.0132
13.11.2023 07:25:50.142 GMT-0800,118.574,118.366,0.0132,0.0132
13.11.2023 07:25:51.297 GMT-0800,118.574,118.316,0.0132,0.0132
13.11.2023 07:25:54.064 GMT-0800,118.654,118.316,0.0132,0.0132
13.11.2023 07:25:54.114 GMT-0800,118.624,118.316,0.0009,0.0132
13.11.2023 07:25:55.704 GMT-0800,118.574,118.316,0.0009,0.0132
13.11.2023 07:25:55.974 GMT-0800,118.624,118.316,0.0132,0.0132
13.11.2023 07:26:05.018 GMT-0800,118.504,118.226,0.0132,0.0132
13.11.2023 07:26:05.140 GMT-0800,118.504,118.226,0.0132,0.0112
13.11.2023 07:26:05.616 GMT-0800,118.624,118.256,0.0132,0.0132
13.11.2023 07:26:05.889 GMT-0800,118.583,118.257,0.0009,0.0132
13.11.2023 07:26:05.990 GMT-0800,118.56299999999999,118.257,0.0132,0.0132
13.11.2023 07:26:09.449 GMT-0800,118.603,118.257,0.0132,0.0132
13.11.2023 07:26:09.500 GMT-0800,118.503,118.257,0.0132,0.0132
13.11.2023 07:27:05.684 GMT-0800,118.594,118.256,0.0132,0.0132
13.11.2023 07:27:12.880 GMT-0800,118.723,118.257,0.0132,0.0132
13.11.2023 07:27:13.426 GMT-0800,118.474,118.256,0.0009,0.0132
13.11.2023 07:27:46.115 GMT-0800,118.473,118.257,0.009,0.0112
13.11.2023 07:27:46.166 GMT-0800,118.544,118.406,0.0132,0.0132
13.11.2023 07:27:46.217 GMT-0800,118.544,118.366,0.0132,0.0132
13.11.2023 07:27:46.268 GMT-0800,118.544,118.376,0.0132,0.0132
13.11.2023 07:27:49.455 GMT-0800,118.54299999999999,118.367,0.0132,0.0132
13.11.2023 07:27:51.250 GMT-0800,118.54299999999999,118.367,0.0132,0.0112
13.11.2023 07:27:51.995 GMT-0800,118.544,118.376,0.009,0.0112
13.11.2023 07:27:52.046 GMT-0800,118.664,118.366,0.0132,0.0132
13.11.2023 07:27:52.125 GMT-0800,118.664,118.366,0.0132,0.0112
13.11.2023 07:28:18.890 GMT-0800,118.664,118.38600000000001,0.0132,0.0112
13.11.2023 07:28:18.941 GMT-0800,118.663,118.40700000000001,0.0132,0.0132
13.11.2023 07:28:18.992 GMT-0800,118.663,118.43700000000001,0.0132,0.0132
13.11.2023 07:28:19.134 GMT-0800,118.664,118.49600000000001,0.0132,0.0112
13.11.2023 07:28:20.257 GMT-0800,118.664,118.49600000000001,0.0132,0.0132
13.11.2023 07:28:20.308 GMT-0800,118.663,118.52700000000002,0.0132,0.0132
13.11.2023 07:28:32.862 GMT-0800,118.664,118.49600000000001,0.0132,0.0132
13.11.2023 07:28:34.153 GMT-0800,118.664,118.49600000000001,0.0132,0.0112
13.11.2023 07:29:14.436 GMT-0800,118.70299999999999,118.54700000000001,0.0132,0.0132
13.11.2023 07:29:14.487 GMT-0800,118.70299999999999,118.55700000000002,0.0132,0.0132
13.11.2023 07:29:31.307 GMT-0800,118.704,118.506,0.0132,0.0132
13.11.2023 07:29:35.274 GMT-0800,118.754,118.506,0.0132,0.0132
13.11.2023 07:29:35.426 GMT-0800,118.754,118.506,0.009,0.0112
13.11.2023 07:29:35.477 GMT-0800,118.874,118.506,0.0132,0.0132
13.11.2023 07:29:35.528 GMT-0800,119.01299999999999,118.63700000000001,0.0132,0.0132
13.11.2023 07:29:36.413 GMT-0800,118.934,118.63600000000001,0.0009,0.0132
13.11.2023 07:29:38.320 GMT-0800,118.90299999999999,118.63700000000001,0.0009,0.0132
13.11.2023 07:29:46.146 GMT-0800,118.904,118.646,0.0132,0.0132
13.11.2023 07:29:48.586 GMT-0800,118.934,118.646,0.0132,0.0132
13.11.2023 07:29:48.846 GMT-0800,118.934,118.646,0.0132,0.0112
13.11.2023 07:30:00.138 GMT-0800,118.92399999999999,118.66600000000001,0.0009,0.0132
13.11.2023 07:30:00.189 GMT-0800,118.934,118.66600000000001,0.0132,0.0132
13.11.2023 07:30:07.600 GMT-0800,118.93299999999999,118.66700000000002,0.0132,0.0112
13.11.2023 07:30:08.105 GMT-0800,118.93299999999999,118.66700000000002,0.0132,0.0132
13.11.2023 07:30:25.668 GMT-0800,118.934,118.66600000000001,0.0132,0.0112
13.11.2023 07:30:25.820 GMT-0800,118.934,118.66600000000001,0.0132,0.0132
13.11.2023 07:30:28.108 GMT-0800,118.934,118.66600000000001,0.0132,0.0112
13.11.2023 07:30:28.341 GMT-0800,118.934,118.66600000000001,0.0132,0.0132
13.11.2023 07:30:30.778 GMT-0800,118.93299999999999,118.66700000000002,0.0132,0.0112
13.11.2023 07:30:30.829 GMT-0800,118.93299999999999,118.66700000000002,0.0132,0.0132
13.11.2023 07:30:33.279 GMT-0800,118.934,118.66600000000001,0.0132,0.0112
13.11.2023 07:30:33.469 GMT-0800,118.93299999999999,118.66700000000002,0.0132,0.0132
13.11.2023 07:30:35.627 GMT-0800,118.934,118.66600000000001,0.0132,0.0112
13.11.2023 07:30:35.778 GMT-0800,118.93299999999999,118.66700000000002,0.0132,0.0132
13.11.2023 07:30:38.358 GMT-0800,118.93299999999999,118.66700000000002,0.0132,0.0112
13.11.2023 07:30:38.473 GMT-0800,118.934,118.676,0.0132,0.0112
13.11.2023 07:30:38.650 GMT-0800,118.93299999999999,118.66700000000002,0.0132,0.0132
13.11.2023 07:30:44.861 GMT-0800,118.93299999999999,118.66700000000002,0.0132,0.0112
13.11.2023 07:30:44.962 GMT-0800,118.93299999999999,118.697,0.0132,0.0132
13.11.2023 07:30:45.072 GMT-0800,118.934,118.686,0.0132,0.0132
13.11.2023 07:30:46.348 GMT-0800,118.934,118.686,0.0132,0.0112
13.11.2023 07:30:47.709 GMT-0800,118.814,118.77600000000001,0.0009,0.009
13.11.2023 07:30:47.995 GMT-0800,118.81299999999999,118.68700000000001,0.0132,0.0132
13.11.2023 07:30:48.260 GMT-0800,118.764,118.686,0.0009,0.009
13.11.2023 07:30:48.311 GMT-0800,118.814,118.686,0.0132,0.009
13.11.2023 07:30:48.467 GMT-0800,118.81299999999999,118.66700000000002,0.0132,0.0132
13.11.2023 07:30:50.719 GMT-0800,118.824,118.66600000000001,0.0132,0.0132
13.11.2023 07:30:53.261 GMT-0800,118.81299999999999,118.66700000000002,0.0009,0.0132
13.11.2023 07:30:53.312 GMT-0800,118.823,118.66700000000002,0.0132,0.009
13.11.2023 07:30:53.363 GMT-0800,118.824,118.626,0.0132,0.0132
13.11.2023 07:31:01.910 GMT-0800,118.76299999999999,118.62700000000001,0.0009,0.0132
13.11.2023 07:31:14.440 GMT-0800,118.76299999999999,118.62700000000001,0.009,0.0112
13.11.2023 07:31:14.491 GMT-0800,118.76299999999999,118.62700000000001,0.009,0.0112
13.11.2023 07:31:14.659 GMT-0800,118.884,118.676,0.0132,0.0132
13.11.2023 07:31:16.675 GMT-0800,118.883,118.677,0.0132,0.0112
13.11.2023 07:31:16.726 GMT-0800,118.883,118.71700000000001,0.0132,0.0132
13.11.2023 07:31:45.729 GMT-0800,118.893,118.71700000000001,0.0132,0.0132
13.11.2023 07:32:01.757 GMT-0800,118.964,118.71600000000001,0.0132,0.0132
13.11.2023 07:32:04.130 GMT-0800,118.964,118.71600000000001,0.0132,0.0112
13.11.2023 07:32:04.289 GMT-0800,118.964,118.71600000000001,0.0132,0.0132
13.11.2023 07:32:06.323 GMT-0800,118.964,118.71600000000001,0.0132,0.0112
13.11.2023 07:32:06.575 GMT-0800,118.964,118.71600000000001,0.0132,0.0132
13.11.2023 07:32:08.477 GMT-0800,118.964,118.71600000000001,0.0132,0.0112
13.11.2023 07:32:08.660 GMT-0800,118.963,118.71700000000001,0.0132,0.0132
13.11.2023 07:32:16.083 GMT-0800,118.964,118.71600000000001,0.0132,0.0112
13.11.2023 07:32:16.266 GMT-0800,118.964,118.71600000000001,0.0132,0.0132
13.11.2023 07:32:38.778 GMT-0800,118.963,118.71700000000001,0.0132,0.0112
13.11.2023 07:32:38.941 GMT-0800,118.964,118.71600000000001,0.0132,0.0132
13.11.2023 07:32:41.420 GMT-0800,118.954,118.71600000000001,0.0009,0.0132
13.11.2023 07:32:41.521 GMT-0800,118.963,118.71700000000001,0.0132,0.0132
13.11.2023 07:32:46.283 GMT-0800,118.963,118.71700000000001,0.0132,0.0112
13.11.2023 07:32:46.495 GMT-0800,118.964,118.71600000000001,0.0132,0.0132
13.11.2023 07:32:54.186 GMT-0800,118.963,118.71700000000001,0.0132,0.0112
13.11.2023 07:32:54.458 GMT-0800,118.963,118.71700000000001,0.0132,0.0132
13.11.2023 07:32:57.601 GMT-0800,118.92399999999999,118.71600000000001,0.0009,0.0132
13.11.2023 07:33:03.836 GMT-0800,118.923,118.71700000000001,0.0132,0.0112
13.11.2023 07:33:03.937 GMT-0800,118.92399999999999,118.71600000000001,0.0132,0.0132
13.11.2023 07:33:06.231 GMT-0800,118.954,118.71600000000001,0.0132,0.0132
13.11.2023 07:33:06.332 GMT-0800,118.964,118.71600000000001,0.0132,0.0132
13.11.2023 07:33:25.507 GMT-0800,118.923,118.71700000000001,0.0009,0.0132
13.11.2023 07:33:35.464 GMT-0800,118.923,118.71700000000001,0.009,0.0112
13.11.2023 07:33:35.514 GMT-0800,118.923,118.71700000000001,0.009,0.0132
13.11.2023 07:33:35.565 GMT-0800,118.963,118.71700000000001,0.0132,0.0132
13.11.2023 07:33:36.180 GMT-0800,118.964,118.71600000000001,0.0132,0.0112
13.11.2023 07:33:36.460 GMT-0800,118.964,118.71600000000001,0.0132,0.0132
13.11.2023 07:33:49.323 GMT-0800,118.92399999999999,118.71600000000001,0.0009,0.0132
13.11.2023 07:33:54.803 GMT-0800,118.874,118.71600000000001,0.0009,0.0132
13.11.2023 07:33:54.853 GMT-0800,118.92399999999999,118.71600000000001,0.0132,0.009
13.11.2023 07:33:54.904 GMT-0800,118.904,118.676,0.0132,0.0132
13.11.2023 07:34:11.452 GMT-0800,118.893,118.677,0.0009,0.0132
13.11.2023 07:34:11.555 GMT-0800,118.864,118.676,0.009,0.0132
13.11.2023 07:34:11.606 GMT-0800,118.874,118.676,0.0132,0.0132
13.11.2023 07:34:11.771 GMT-0800,118.87299999999999,118.66700000000002,0.0132,0.0132
13.11.2023 07:34:17.044 GMT-0800,118.78399999999999,118.66600000000001,0.0009,0.0132
13.11.2023 07:34:27.692 GMT-0800,118.87299999999999,118.66700000000002,0.0132,0.0132
13.11.2023 07:34:28.227 GMT-0800,118.863,118.66700000000002,0.0009,0.0132
13.11.2023 07:34:28.328 GMT-0800,118.87299999999999,118.66700000000002,0.0132,0.0132
13.11.2023 07:34:30.380 GMT-0800,118.864,118.66600000000001,0.0009,0.0132
13.11.2023 07:34:30.590 GMT-0800,118.87299999999999,118.66700000000002,0.0132,0.0132
13.11.2023 07:34:40.155 GMT-0800,118.904,118.66600000000001,0.0132,0.0132
13.11.2023 07:34:45.517 GMT-0800,118.923,118.66700000000002,0.0132,0.0132
13.11.2023 07:34:58.138 GMT-0800,118.844,118.66600000000001,0.0009,0.0132
13.11.2023 07:35:13.080 GMT-0800,118.93299999999999,118.66700000000002,0.0132,0.0132
13.11.2023 07:35:18.303 GMT-0800,118.93299999999999,118.66700000000002,0.0132,0.0112
13.11.2023 07:35:21.323 GMT-0800,118.964,118.756,0.0132,0.0132
13.11.2023 07:35:25.771 GMT-0800,118.934,118.756,0.0009,0.0132
13.11.2023 07:35:30.735 GMT-0800,118.923,118.757,0.0009,0.0132
13.11.2023 07:35:35.698 GMT-0800,118.913,118.757,0.0009,0.0132
13.11.2023 07:35:38.343 GMT-0800,118.833,118.757,0.0009,0.009
13.11.2023 07:35:38.394 GMT-0800,118.914,118.736,0.0132,0.0132
13.11.2023 07:35:39.477 GMT-0800,118.844,118.736,0.0009,0.0132
13.11.2023 07:35:48.821 GMT-0800,118.87299999999999,118.73700000000001,0.0132,0.0132
13.11.2023 07:35:50.711 GMT-0800,118.884,118.736,0.0132,0.0132
13.11.2023 07:36:00.554 GMT-0800,118.95299999999999,118.73700000000001,0.0132,0.0132
13.11.2023 07:36:01.047 GMT-0800,118.943,118.73700000000001,0.0009,0.0132
13.11.2023 07:36:01.205 GMT-0800,118.95299999999999,118.73700000000001,0.0132,0.0132
13.11.2023 07:36:08.186 GMT-0800,118.943,118.73700000000001,0.0009,0.0132
13.11.2023 07:36:08.492 GMT-0800,118.954,118.736,0.0132,0.0132
13.11.2023 07:36:13.098 GMT-0800,118.853,118.73700000000001,0.0009,0.0132
13.11.2023 07:36:14.621 GMT-0800,118.954,118.736,0.0132,0.0132
13.11.2023 07:36:18.481 GMT-0800,118.854,118.736,0.0009,0.0132
13.11.2023 07:36:19.999 GMT-0800,118.92399999999999,118.736,0.0132,0.0132
13.11.2023 07:36:23.510 GMT-0800,118.954,118.736,0.0132,0.0132
13.11.2023 07:36:24.239 GMT-0800,118.944,118.736,0.0009,0.0132
13.11.2023 07:36:24.340 GMT-0800,118.95299999999999,118.73700000000001,0.0132,0.0132
13.11.2023 07:36:26.701 GMT-0800,118.944,118.736,0.0009,0.0132
13.11.2023 07:36:27.753 GMT-0800,118.92399999999999,118.736,0.0009,0.0132
13.11.2023 07:36:59.570 GMT-0800,118.904,118.736,0.0009,0.0132
13.11.2023 07:37:01.226 GMT-0800,118.923,118.73700000000001,0.0132,0.0132
13.11.2023 07:37:06.907 GMT-0800,118.923,118.73700000000001,0.009,0.0112
13.11.2023 07:37:06.958 GMT-0800,118.993,118.82700000000001,0.0132,0.009
13.11.2023 07:37:07.009 GMT-0800,118.993,118.80700000000002,0.0132,0.0132
13.11.2023 07:37:13.420 GMT-0800,118.993,118.80700000000002,0.0132,0.0112
13.11.2023 07:37:13.623 GMT-0800,118.994,118.80600000000001,0.0132,0.0132
13.11.2023 07:37:19.075 GMT-0800,118.994,118.80600000000001,0.0132,0.0112
13.11.2023 07:37:19.272 GMT-0800,118.993,118.80700000000002,0.0132,0.0132
13.11.2023 07:37:21.739 GMT-0800,119.023,118.80700000000002,0.0132,0.0132
13.11.2023 07:37:26.480 GMT-0800,119.023,118.80700000000002,0.0132,0.0112
13.11.2023 07:37:26.581 GMT-0800,119.024,118.816,0.0132,0.0112
13.11.2023 07:37:28.523 GMT-0800,119.023,118.85700000000001,0.0132,0.0112
13.11.2023 07:37:28.574 GMT-0800,119.023,118.85700000000001,0.0132,0.0132
13.11.2023 07:37:31.682 GMT-0800,119.014,118.85600000000001,0.0009,0.0132
13.11.2023 07:37:32.402 GMT-0800,119.01299999999999,118.85700000000001,0.0132,0.0112
13.11.2023 07:37:32.661 GMT-0800,119.014,118.85600000000001,0.0132,0.0132
13.11.2023 07:37:41.668 GMT-0800,119.004,118.85600000000001,0.0009,0.0132
13.11.2023 07:37:46.686 GMT-0800,118.984,118.85600000000001,0.0009,0.0132
13.11.2023 07:37:51.621 GMT-0800,118.984,118.85600000000001,0.0132,0.0112
13.11.2023 07:37:51.722 GMT-0800,118.993,118.85700000000001,0.0132,0.0132
13.11.2023 07:37:53.224 GMT-0800,118.984,118.85600000000001,0.0009,0.0132
13.11.2023 07:37:56.325 GMT-0800,118.994,118.85600000000001,0.0132,0.0132
13.11.2023 07:37:56.698 GMT-0800,118.954,118.85600000000001,0.0009,0.0132
13.11.2023 07:38:01.731 GMT-0800,118.963,118.85700000000001,0.0132,0.0132
13.11.2023 07:38:16.694 GMT-0800,118.95299999999999,118.85700000000001,0.0009,0.0132
13.11.2023 07:38:18.806 GMT-0800,118.954,118.85600000000001,0.009,0.0112
13.11.2023 07:38:18.857 GMT-0800,119.03399999999999,118.88600000000001,0.0132,0.0132
13.11.2023 07:38:23.334 GMT-0800,119.04299999999999,118.88700000000001,0.0132,0.0132
13.11.2023 07:38:24.284 GMT-0800,119.083,118.88700000000001,0.0132,0.0132
13.11.2023 07:38:29.768 GMT-0800,119.083,118.88700000000001,0.0132,0.0112
13.11.2023 07:39:00.753 GMT-0800,119.04299999999999,118.90700000000001,0.0009,0.0132
13.11.2023 07:39:03.635 GMT-0800,119.03399999999999,118.906,0.0009,0.0132
13.11.2023 07:39:10.128 GMT-0800,119.103,118.90700000000001,0.0132,0.0132
13.11.2023 07:39:12.764 GMT-0800,119.113,118.90700000000001,0.0132,0.0132
13.11.2023 07:39:13.867 GMT-0800,119.113,118.90700000000001,0.0132,0.0112
13.11.2023 07:39:14.094 GMT-0800,119.114,118.906,0.0132,0.0132
13.11.2023 07:39:14.662 GMT-0800,119.113,118.90700000000001,0.0132,0.0112
13.11.2023 07:39:16.423 GMT-0800,119.053,118.98700000000001,0.0009,0.009
13.11.2023 07:39:16.474 GMT-0800,119.053,118.90700000000001,0.0132,0.0132
13.11.2023 07:39:17.966 GMT-0800,119.084,118.906,0.0009,0.0132
13.11.2023 07:39:37.457 GMT-0800,119.113,118.90700000000001,0.0132,0.0132
13.11.2023 07:39:38.071 GMT-0800,119.114,118.906,0.0132,0.0112
13.11.2023 07:39:42.086 GMT-0800,119.173,118.927,0.0132,0.0132
13.11.2023 07:39:42.196 GMT-0800,119.18299999999999,118.927,0.0132,0.0132
13.11.2023 07:40:02.660 GMT-0800,119.173,118.927,0.0009,0.0132
13.11.2023 07:40:02.712 GMT-0800,119.18299999999999,118.927,0.0132,0.0132
13.11.2023 07:40:08.122 GMT-0800,119.114,118.926,0.0009,0.0132
13.11.2023 07:40:11.280 GMT-0800,119.104,118.926,0.0009,0.0132
13.11.2023 07:40:11.468 GMT-0800,119.114,118.926,0.0132,0.0132
13.11.2023 07:40:14.756 GMT-0800,119.113,118.927,0.0132,0.0112
13.11.2023 07:40:25.697 GMT-0800,119.073,118.93700000000001,0.0009,0.0132
13.11.2023 07:40:30.691 GMT-0800,119.064,118.936,0.0009,0.0132
13.11.2023 07:40:32.445 GMT-0800,119.064,118.936,0.009,0.0112
13.11.2023 07:40:32.496 GMT-0800,119.18299999999999,118.93700000000001,0.0132,0.0132
13.11.2023 07:40:34.154 GMT-0800,119.173,118.93700000000001,0.0009,0.0132
13.11.2023 07:40:34.255 GMT-0800,119.18299999999999,118.93700000000001,0.0132,0.0132
13.11.2023 07:40:38.948 GMT-0800,119.173,118.93700000000001,0.0009,0.0132
13.11.2023 07:40:39.209 GMT-0800,119.18299999999999,118.93700000000001,0.0132,0.0132
13.11.2023 07:40:47.540 GMT-0800,119.173,118.93700000000001,0.0009,0.0132
13.11.2023 07:40:47.714 GMT-0800,119.18299999999999,118.93700000000001,0.0132,0.0132
13.11.2023 07:40:48.711 GMT-0800,119.15299999999999,118.93700000000001,0.0009,0.0132
13.11.2023 07:40:48.812 GMT-0800,119.173,118.93700000000001,0.0009,0.0132
13.11.2023 07:40:49.262 GMT-0800,119.184,118.936,0.0132,0.0132
13.11.2023 07:40:53.976 GMT-0800,119.173,118.93700000000001,0.0009,0.0132
13.11.2023 07:40:54.198 GMT-0800,119.184,118.936,0.0132,0.0132
13.11.2023 07:40:56.666 GMT-0800,119.018,118.936,0.0009,0.0132
13.11.2023 07:40:58.387 GMT-0800,119.025,118.936,0.009,0.0112
13.11.2023 07:40:58.437 GMT-0800,119.01299999999999,118.93700000000001,0.009,0.0132
13.11.2023 07:40:58.553 GMT-0800,119.18299999999999,118.93700000000001,0.0132,0.0132
13.11.2023 07:41:09.205 GMT-0800,119.173,118.93700000000001,0.0009,0.0132
13.11.2023 07:41:09.427 GMT-0800,119.184,118.936,0.0132,0.0132
13.11.2023 07:41:10.119 GMT-0800,119.184,118.936,0.0132,0.0112
13.11.2023 07:41:13.625 GMT-0800,119.184,118.94600000000001,0.0132,0.0112
13.11.2023 07:41:22.674 GMT-0800,119.17399999999999,118.956,0.0009,0.009
13.11.2023 07:41:22.725 GMT-0800,119.18299999999999,118.947,0.0132,0.0132
13.11.2023 07:41:23.528 GMT-0800,119.18299999999999,118.947,0.0132,0.0112
13.11.2023 07:41:24.836 GMT-0800,119.133,118.95700000000001,0.0009,0.0132
13.11.2023 07:41:25.904 GMT-0800,119.184,118.956,0.0132,0.0132
13.11.2023 07:41:27.054 GMT-0800,119.184,118.956,0.0132,0.0112
13.11.2023 07:41:27.264 GMT-0800,119.18299999999999,118.95700000000001,0.0132,0.0132
13.11.2023 07:41:28.917 GMT-0800,119.184,118.956,0.0132,0.0112
13.11.2023 07:41:50.702 GMT-0800,119.163,118.96700000000001,0.0009,0.0132
13.11.2023 07:42:02.139 GMT-0800,119.154,118.96600000000001,0.0009,0.0132
13.11.2023 07:42:02.240 GMT-0800,119.144,118.96600000000001,0.0009,0.0132
13.11.2023 07:42:11.456 GMT-0800,119.184,118.96600000000001,0.0132,0.0132
13.11.2023 07:42:11.507 GMT-0800,119.163,118.96700000000001,0.0132,0.0132
13.11.2023 07:42:26.502 GMT-0800,119.15299999999999,118.96700000000001,0.0009,0.0112
13.11.2023 07:42:26.604 GMT-0800,119.184,118.986,0.0132,0.0132
13.11.2023 07:42:26.709 GMT-0800,119.163,118.98700000000001,0.0009,0.0132
13.11.2023 07:42:40.421 GMT-0800,119.01,118.98700000000001,0.0009,0.009
13.11.2023 07:42:40.522 GMT-0800,118.993,118.74700000000001,0.0132,0.0132
13.11.2023 07:42:40.573 GMT-0800,118.954,118.736,0.0009,0.0132
13.11.2023 07:42:41.166 GMT-0800,118.95299999999999,118.73700000000001,0.0132,0.0112
13.11.2023 07:42:41.267 GMT-0800,118.993,118.90700000000001,0.0132,0.0132
13.11.2023 07:42:41.374 GMT-0800,118.993,118.90700000000001,0.0132,0.0112
13.11.2023 07:42:41.475 GMT-0800,119.134,118.926,0.0132,0.0132
13.11.2023 07:42:41.526 GMT-0800,119.124,118.926,0.0009,0.0132
13.11.2023 07:42:41.694 GMT-0800,119.134,118.926,0.0132,0.0132
13.11.2023 07:42:42.699 GMT-0800,119.094,118.926,0.0009,0.0132
13.11.2023 07:42:44.416 GMT-0800,119.084,118.926,0.0009,0.0132
13.11.2023 07:42:46.752 GMT-0800,119.074,118.926,0.0009,0.009
13.11.2023 07:42:46.803 GMT-0800,119.073,118.87700000000001,0.0132,0.0132
13.11.2023 07:42:46.912 GMT-0800,119.084,118.876,0.0132,0.0132
13.11.2023 07:42:48.627 GMT-0800,119.074,118.876,0.0009,0.0132
13.11.2023 07:42:48.844 GMT-0800,119.083,118.87700000000001,0.0132,0.0132
13.11.2023 07:43:04.575 GMT-0800,119.074,118.876,0.0009,0.0132
13.11.2023 07:43:04.683 GMT-0800,119.074,118.876,0.009,0.0112
13.11.2023 07:43:04.734 GMT-0800,119.083,118.897,0.0132,0.0132
13.11.2023 07:43:05.049 GMT-0800,119.064,118.896,0.0009,0.0132
13.11.2023 07:43:12.117 GMT-0800,119.054,118.896,0.0132,0.0132
13.11.2023 07:43:14.589 GMT-0800,119.133,118.897,0.0132,0.0132
13.11.2023 07:43:14.954 GMT-0800,119.124,118.896,0.0009,0.0132
13.11.2023 07:43:15.170 GMT-0800,119.134,118.896,0.0132,0.0132
13.11.2023 07:43:17.796 GMT-0800,119.12299999999999,118.897,0.0009,0.0132
13.11.2023 07:43:17.905 GMT-0800,119.133,118.897,0.0132,0.0132
13.11.2023 07:43:18.141 GMT-0800,119.073,118.897,0.0009,0.0132
13.11.2023 07:43:18.473 GMT-0800,119.06299999999999,118.897,0.0009,0.0132
13.11.2023 07:43:21.243 GMT-0800,119.064,118.80600000000001,0.0132,0.0132
13.11.2023 07:43:25.311 GMT-0800,119.06299999999999,118.80700000000002,0.0132,0.0112
13.11.2023 07:44:05.181 GMT-0800,119.06299999999999,118.87700000000001,0.0132,0.0112
13.11.2023 07:44:42.522 GMT-0800,119.103,118.93700000000001,0.0132,0.0132
13.11.2023 07:44:43.651 GMT-0800,119.104,118.91600000000001,0.0132,0.0132
13.11.2023 07:44:43.775 GMT-0800,119.103,118.91700000000002,0.0132,0.0112
13.11.2023 07:44:54.290 GMT-0800,119.103,118.977,0.009,0.0112
13.11.2023 07:44:54.341 GMT-0800,119.163,119.037,0.0132,0.0132
13.11.2023 07:44:58.619 GMT-0800,119.184,119.036,0.0132,0.0132
13.11.2023 07:45:04.841 GMT-0800,119.18299999999999,119.01700000000001,0.0132,0.0132
13.11.2023 07:45:21.358 GMT-0800,119.103,119.01700000000001,0.0009,0.0132
13.11.2023 07:45:21.409 GMT-0800,119.06299999999999,118.91700000000002,0.009,0.0132
13.11.2023 07:45:28.169 GMT-0800,119.113,118.91700000000002,0.0132,0.0112
13.11.2023 07:45:42.311 GMT-0800,119.114,118.976,0.009,0.0112
13.11.2023 07:45:42.362 GMT-0800,119.18299999999999,119.037,0.0132,0.0132
13.11.2023 07:45:42.656 GMT-0800,119.18299999999999,119.037,0.0132,0.0112
13.11.2023 07:45:46.647 GMT-0800,119.114,119.046,0.0009,0.009
13.11.2023 07:45:46.763 GMT-0800,119.114,118.986,0.0132,0.0132
13.11.2023 07:45:50.343 GMT-0800,119.154,118.986,0.0132,0.0132
13.11.2023 07:46:03.844 GMT-0800,119.154,118.986,0.0132,0.0112
13.11.2023 07:46:08.173 GMT-0800,119.18299999999999,118.99700000000001,0.0132,0.0132
13.11.2023 07:46:17.442 GMT-0800,119.173,118.99700000000001,0.0009,0.0132
13.11.2023 07:46:17.531 GMT-0800,119.184,118.99600000000001,0.0132,0.0132
13.11.2023 07:46:18.445 GMT-0800,119.17399999999999,118.99600000000001,0.0009,0.009
13.11.2023 07:46:18.496 GMT-0800,119.18299999999999,118.99700000000001,0.0132,0.009
13.11.2023 07:46:18.547 GMT-0800,119.18299999999999,118.95700000000001,0.0132,0.0132
13.11.2023 07:46:19.337 GMT-0800,119.01,118.956,0.0009,0.009
13.11.2023 07:46:19.388 GMT-0800,118.984,118.91600000000001,0.0132,0.0132
13.11.2023 07:46:19.843 GMT-0800,119.064,118.796,0.0132,0.0132
13.11.2023 07:46:21.781 GMT-0800,119.074,118.796,0.0132,0.009
13.11.2023 07:46:26.151 GMT-0800,119.073,118.74700000000001,0.0132,0.0112
13.11.2023 07:46:26.572 GMT-0800,119.044,118.74600000000001,0.0009,0.0132
13.11.2023 07:46:27.072 GMT-0800,119.04299999999999,118.74700000000001,0.0132,0.0112
13.11.2023 07:46:31.559 GMT-0800,119.074,118.766,0.0132,0.0132
13.11.2023 07:46:35.541 GMT-0800,119.074,118.766,0.0132,0.0112
13.11.2023 07:46:35.592 GMT-0800,119.073,118.76700000000001,0.0132,0.0132
13.11.2023 07:46:37.713 GMT-0800,119.033,118.76700000000001,0.0009,0.0132
13.11.2023 07:46:37.815 GMT-0800,119.033,118.77700000000002,0.0132,0.0132
13.11.2023 07:46:37.924 GMT-0800,119.033,118.76700000000001,0.0132,0.0132
13.11.2023 07:46:41.190 GMT-0800,119.074,118.77600000000001,0.0132,0.0132
13.11.2023 07:46:41.241 GMT-0800,119.01299999999999,118.76700000000001,0.0132,0.0132
13.11.2023 07:46:43.505 GMT-0800,119.014,118.766,0.0132,0.0112
13.11.2023 07:46:43.606 GMT-0800,119.014,118.766,0.0132,0.0132
13.11.2023 07:46:44.727 GMT-0800,119.014,118.766,0.0132,0.0112
13.11.2023 07:46:44.829 GMT-0800,119.073,118.79700000000001,0.0132,0.0132
13.11.2023 07:46:47.993 GMT-0800,119.074,118.796,0.0132,0.0112
13.11.2023 07:46:48.196 GMT-0800,119.073,118.79700000000001,0.0132,0.0132
13.11.2023 07:46:49.695 GMT-0800,119.073,118.79700000000001,0.0132,0.0112
13.11.2023 07:46:49.891 GMT-0800,119.073,118.79700000000001,0.0132,0.0132
13.11.2023 07:46:51.227 GMT-0800,119.014,118.796,0.0009,0.0132
13.11.2023 07:46:51.757 GMT-0800,119.01299999999999,118.79700000000001,0.0132,0.0112
13.11.2023 07:46:51.958 GMT-0800,119.014,118.796,0.0132,0.0132
13.11.2023 07:46:53.433 GMT-0800,119.01299999999999,118.79700000000001,0.0132,0.0112
13.11.2023 07:46:53.621 GMT-0800,119.01299999999999,118.80700000000002,0.009,0.0112
13.11.2023 07:46:53.672 GMT-0800,119.073,118.81700000000001,0.0132,0.0132
13.11.2023 07:46:54.352 GMT-0800,119.074,118.816,0.0132,0.0112
13.11.2023 07:46:54.546 GMT-0800,119.073,118.87700000000001,0.0132,0.0132
13.11.2023 07:46:54.928 GMT-0800,119.073,118.87700000000001,0.0132,0.0112
13.11.2023 07:46:55.075 GMT-0800,119.074,118.896,0.009,0.0112
13.11.2023 07:46:55.126 GMT-0800,119.074,118.896,0.009,0.0132
13.11.2023 07:46:55.528 GMT-0800,119.113,118.897,0.0132,0.009
13.11.2023 07:46:55.579 GMT-0800,119.113,118.88700000000001,0.0132,0.0132
13.11.2023 07:46:59.120 GMT-0800,119.104,118.88600000000001,0.0009,0.0112
13.11.2023 07:46:59.302 GMT-0800,119.103,118.88700000000001,0.0132,0.0132
13.11.2023 07:47:00.248 GMT-0800,119.164,118.88600000000001,0.0132,0.0132
13.11.2023 07:47:00.478 GMT-0800,119.154,118.88600000000001,0.0009,0.0112
13.11.2023 07:47:00.641 GMT-0800,119.163,118.88700000000001,0.0132,0.0132
13.11.2023 07:47:14.339 GMT-0800,119.163,118.88700000000001,0.0132,0.0112
13.11.2023 07:47:14.518 GMT-0800,119.164,118.88600000000001,0.0132,0.0132
13.11.2023 07:47:19.375 GMT-0800,119.164,118.88600000000001,0.0132,0.0112
13.11.2023 07:47:19.538 GMT-0800,119.164,118.88600000000001,0.0132,0.0132
13.11.2023 07:47:23.083 GMT-0800,119.164,118.88600000000001,0.0132,0.0112
13.11.2023 07:47:23.324 GMT-0800,119.163,118.88700000000001,0.0132,0.0132
13.11.2023 07:47:29.127 GMT-0800,119.15299999999999,118.88700000000001,0.0009,0.0112
13.11.2023 07:47:29.186 GMT-0800,119.163,118.88700000000001,0.0132,0.0132
13.11.2023 07:47:30.797 GMT-0800,119.163,118.88700000000001,0.0132,0.0112
13.11.2023 07:47:30.952 GMT-0800,119.164,118.88600000000001,0.0132,0.0132
13.11.2023 07:47:31.877 GMT-0800,119.17399999999999,118.88600000000001,0.0132,0.0132
13.11.2023 07:47:37.326 GMT-0800,119.163,118.88700000000001,0.0009,0.0132
13.11.2023 07:47:37.523 GMT-0800,119.164,118.896,0.009,0.009
13.11.2023 07:47:37.573 GMT-0800,119.17399999999999,118.88600000000001,0.0132,0.0132
13.11.2023 07:47:39.056 GMT-0800,119.154,118.88600000000001,0.0009,0.0132
13.11.2023 07:47:39.106 GMT-0800,119.164,118.88600000000001,0.0009,0.0132
13.11.2023 07:47:39.467 GMT-0800,119.113,118.88700000000001,0.0009,0.0132
13.11.2023 07:47:39.569 GMT-0800,119.03399999999999,118.88600000000001,0.0132,0.0132
13.11.2023 07:47:42.440 GMT-0800,119.033,118.88700000000001,0.009,0.0112
13.11.2023 07:47:42.491 GMT-0800,119.17399999999999,119.05600000000001,0.0132,0.0132
13.11.2023 07:47:42.542 GMT-0800,119.173,118.90700000000001,0.0132,0.0132
13.11.2023 07:47:42.709 GMT-0800,119.17399999999999,118.896,0.0132,0.0132
13.11.2023 07:47:43.189 GMT-0800,119.17399999999999,118.88600000000001,0.0132,0.0132
13.11.2023 07:47:43.353 GMT-0800,119.18299999999999,118.88700000000001,0.0132,0.0132
13.11.2023 07:47:43.404 GMT-0800,119.18299999999999,118.93700000000001,0.0132,0.0132
13.11.2023 07:47:43.528 GMT-0800,119.18299999999999,118.88700000000001,0.0132,0.0132
13.11.2023 07:47:45.672 GMT-0800,119.18299999999999,118.88700000000001,0.0132,0.0112
13.11.2023 07:47:45.774 GMT-0800,119.18299999999999,118.88700000000001,0.0132,0.0132
13.11.2023 07:47:49.754 GMT-0800,119.18299999999999,118.88700000000001,0.0132,0.0112
13.11.2023 07:47:49.934 GMT-0800,119.184,118.88600000000001,0.0132,0.0132
13.11.2023 07:47:50.895 GMT-0800,119.184,118.88600000000001,0.0132,0.0112
13.11.2023 07:47:51.075 GMT-0800,119.18299999999999,118.88700000000001,0.0132,0.0132
13.11.2023 07:47:56.378 GMT-0800,119.184,118.88600000000001,0.0132,0.0112
13.11.2023 07:47:56.575 GMT-0800,119.18299999999999,118.88700000000001,0.0132,0.0132
13.11.2023 07:47:57.825 GMT-0800,119.134,118.88600000000001,0.0009,0.0132
13.11.2023 07:47:59.650 GMT-0800,119.134,118.88600000000001,0.0132,0.0112
13.11.2023 07:47:59.814 GMT-0800,119.134,118.88600000000001,0.0132,0.0132
13.11.2023 07:48:02.945 GMT-0800,119.133,118.88700000000001,0.0132,0.0112
13.11.2023 07:48:03.046 GMT-0800,119.09299999999999,118.88700000000001,0.0009,0.0112
13.11.2023 07:48:04.339 GMT-0800,119.04299999999999,118.977,0.0009,0.009
13.11.2023 07:48:04.390 GMT-0800,119.09299999999999,118.977,0.0132,0.009
13.11.2023 07:48:04.543 GMT-0800,119.09299999999999,118.88700000000001,0.0132,0.0132
13.11.2023 07:48:04.698 GMT-0800,119.094,118.876,0.0132,0.0132
13.11.2023 07:48:05.068 GMT-0800,119.044,118.876,0.0009,0.0132
13.11.2023 07:48:05.119 GMT-0800,119.084,118.83600000000001,0.0132,0.0132
13.11.2023 07:48:05.250 GMT-0800,119.09299999999999,118.837,0.0132,0.0132
13.11.2023 07:48:05.645 GMT-0800,119.003,118.837,0.0009,0.0132
13.11.2023 07:48:06.509 GMT-0800,118.994,118.83600000000001,0.0009,0.0132
13.11.2023 07:48:07.515 GMT-0800,119.004,118.83600000000001,0.0132,0.0132
13.11.2023 07:48:08.510 GMT-0800,118.973,118.837,0.0009,0.0132
13.11.2023 07:48:22.936 GMT-0800,119.083,118.84700000000001,0.0132,0.0132
13.11.2023 07:48:23.898 GMT-0800,119.084,118.846,0.0132,0.0112
13.11.2023 07:48:33.064 GMT-0800,119.083,118.88700000000001,0.0132,0.0112
13.11.2023 07:48:33.265 GMT-0800,119.083,118.88700000000001,0.0132,0.0132
13.11.2023 07:48:34.649 GMT-0800,119.18299999999999,118.88700000000001,0.0132,0.0132
13.11.2023 07:48:39.224 GMT-0800,119.17399999999999,118.88600000000001,0.0009,0.0132
13.11.2023 07:48:39.326 GMT-0800,119.18299999999999,118.88700000000001,0.0132,0.0132
13.11.2023 07:48:48.575 GMT-0800,119.173,118.88700000000001,0.0009,0.0132
13.11.2023 07:48:48.848 GMT-0800,119.184,118.88600000000001,0.0132,0.0132
13.11.2023 07:48:57.078 GMT-0800,119.17399999999999,118.88600000000001,0.0009,0.0112
13.11.2023 07:48:57.180 GMT-0800,119.18299999999999,118.88700000000001,0.0132,0.0132
13.11.2023 07:48:59.025 GMT-0800,119.173,118.88700000000001,0.0009,0.0132
13.11.2023 07:48:59.277 GMT-0800,119.18299999999999,118.88700000000001,0.0132,0.0132
13.11.2023 07:49:00.670 GMT-0800,119.184,118.88600000000001,0.0132,0.0112
13.11.2023 07:49:24.152 GMT-0800,119.09299999999999,118.91700000000002,0.0009,0.0132
13.11.2023 07:49:24.253 GMT-0800,119.09299999999999,118.91700000000002,0.0132,0.0112
13.11.2023 07:49:24.354 GMT-0800,119.094,118.91600000000001,0.0132,0.0132
13.11.2023 07:49:25.966 GMT-0800,119.09299999999999,118.91700000000002,0.0132,0.0112
13.11.2023 07:49:26.067 GMT-0800,119.09299999999999,118.91700000000002,0.0132,0.0132
13.11.2023 07:49:35.719 GMT-0800,119.09299999999999,118.91700000000002,0.009,0.0112
13.11.2023 07:49:35.770 GMT-0800,119.143,118.927,0.0132,0.009
13.11.2023 07:49:35.821 GMT-0800,119.143,118.91700000000002,0.0132,0.0132
13.11.2023 07:49:41.173 GMT-0800,119.144,118.91600000000001,0.0132,0.0112
13.11.2023 07:49:41.224 GMT-0800,119.143,118.91700000000002,0.0132,0.0132
13.11.2023 07:49:45.505 GMT-0800,119.143,118.91700000000002,0.0132,0.0112
13.11.2023 07:49:45.606 GMT-0800,119.143,118.91700000000002,0.0132,0.0132
13.11.2023 07:50:02.675 GMT-0800,119.144,118.91600000000001,0.0132,0.0112
13.11.2023 07:50:02.938 GMT-0800,119.144,118.91600000000001,0.009,0.0132
13.11.2023 07:50:02.989 GMT-0800,119.18299999999999,118.91700000000002,0.0132,0.0132
13.11.2023 07:50:05.195 GMT-0800,119.184,118.91600000000001,0.0132,0.0112
13.11.2023 07:50:26.552 GMT-0800,119.184,118.986,0.0132,0.0112
13.11.2023 07:50:26.872 GMT-0800,119.184,118.99600000000001,0.0132,0.0112
13.11.2023 07:50:37.691 GMT-0800,119.184,119.046,0.0132,0.0112
13.11.2023 07:50:38.708 GMT-0800,119.18299999999999,119.04700000000001,0.0132,0.0132
13.11.2023 07:50:40.438 GMT-0800,119.18299999999999,119.04700000000001,0.0132,0.0112
13.11.2023 07:50:50.494 GMT-0800,119.213,119.117,0.0009,0.0132
13.11.2023 07:50:56.292 GMT-0800,119.214,119.05600000000001,0.0132,0.0132
13.11.2023 07:52:13.194 GMT-0800,119.213,119.05700000000002,0.009,0.0112
13.11.2023 07:52:13.244 GMT-0800,119.303,119.087,0.0132,0.0132
13.11.2023 07:52:13.374 GMT-0800,119.303,119.087,0.0132,0.0112
13.11.2023 07:52:21.015 GMT-0800,119.254,119.146,0.0009,0.0132
13.11.2023 07:52:28.885 GMT-0800,119.253,119.087,0.0132,0.0132
13.11.2023 07:52:33.887 GMT-0800,119.253,119.087,0.0132,0.0112
13.11.2023 07:52:34.529 GMT-0800,119.303,119.09700000000001,0.0132,0.0132
13.11.2023 07:52:35.625 GMT-0800,119.28399999999999,119.096,0.0009,0.0132
