Local time,Ask,Bid,AskVolume,BidVolume
13.11.2023 06:30:00.646 GMT-0800,326.384,326.096,0.0012,0.0012
13.11.2023 06:30:01.152 GMT-0800,326.383,326.107,0.0012,0.0012
13.11.2023 06:30:02.051 GMT-0800,326.363,326.107,0.0012,0.0012
13.11.2023 06:30:02.152 GMT-0800,326.41400000000004,326.256,0.0012,0.0012
13.11.2023 06:30:02.369 GMT-0800,326.503,326.34700000000004,0.0012,0.0012
13.11.2023 06:30:02.420 GMT-0800,326.873,326.387,0.0012,0.0012
13.11.2023 06:30:02.522 GMT-0800,326.993,326.527,0.0012,0.0012
13.11.2023 06:30:02.623 GMT-0800,326.704,326.406,0.0012,0.0012
13.11.2023 06:30:02.757 GMT-0800,326.694,326.406,0.0012,0.0012
13.11.2023 06:30:02.973 GMT-0800,326.694,326.476,0.0012,0.0012
13.11.2023 06:30:03.210 GMT-0800,326.694,326.466,0.0012,0.0012
13.11.2023 06:30:03.310 GMT-0800,326.693,326.47700000000003,0.0012,0.0012
13.11.2023 06:30:03.411 GMT-0800,326.703,326.527,0.0012,0.0012
13.11.2023 06:30:03.461 GMT-0800,326.703,326.517,0.0012,0.0012
13.11.2023 06:30:03.689 GMT-0800,326.703,326.527,0.0012,0.0012
13.11.2023 06:30:03.752 GMT-0800,326.703,326.517,0.0012,0.0012
13.11.2023 06:30:03.803 GMT-0800,326.704,326.566,0.0012,0.0012
13.11.2023 06:30:04.029 GMT-0800,326.703,326.577,0.0012,0.0012
13.11.2023 06:30:04.182 GMT-0800,326.704,326.586,0.0012,0.0012
13.11.2023 06:30:04.286 GMT-0800,326.704,326.57599999999996,0.0012,0.0012
13.11.2023 06:30:04.339 GMT-0800,326.703,326.587,0.0012,0.0012
13.11.2023 06:30:04.679 GMT-0800,327.003,326.637,0.0012,0.0012
13.11.2023 06:30:04.730 GMT-0800,326.79400000000004,326.586,0.0012,0.0012
13.11.2023 06:30:04.915 GMT-0800,326.793,326.577,0.0012,0.0012
13.11.2023 06:30:05.148 GMT-0800,326.713,326.577,0.0012,0.0012
13.11.2023 06:30:05.198 GMT-0800,326.67400000000004,326.466,0.0012,0.0012
13.11.2023 06:30:05.265 GMT-0800,326.67400000000004,326.476,0.0012,0.0012
13.11.2023 06:30:05.962 GMT-0800,326.694,326.476,0.0012,0.0012
13.11.2023 06:30:06.193 GMT-0800,326.994,326.476,0.0012,0.0012
13.11.2023 06:30:06.244 GMT-0800,326.994,326.706,0.0012,0.0012
13.11.2023 06:30:07.500 GMT-0800,326.993,326.767,0.0012,0.0012
13.11.2023 06:30:07.624 GMT-0800,326.993,326.777,0.0012,0.0012
13.11.2023 06:30:07.898 GMT-0800,326.92400000000004,326.776,0.0012,0.0012
13.11.2023 06:30:07.949 GMT-0800,326.994,326.776,0.0012,0.0012
13.11.2023 06:30:07.999 GMT-0800,326.92400000000004,326.776,0.0012,0.0012
13.11.2023 06:30:08.050 GMT-0800,326.923,326.767,0.0012,0.0012
13.11.2023 06:30:08.109 GMT-0800,326.834,326.496,0.0012,0.0012
13.11.2023 06:30:08.206 GMT-0800,327.004,326.766,0.0012,0.0012
13.11.2023 06:30:08.806 GMT-0800,327.003,326.78700000000003,0.0012,0.0012
13.11.2023 06:30:08.857 GMT-0800,327.003,326.777,0.0012,0.0012
13.11.2023 06:30:08.908 GMT-0800,327.003,326.767,0.0012,0.0012
13.11.2023 06:30:09.890 GMT-0800,327.453,326.947,0.0012,0.0012
13.11.2023 06:30:09.940 GMT-0800,327.35400000000004,326.906,0.0012,0.0012
13.11.2023 06:30:09.991 GMT-0800,327.443,326.90700000000004,0.0012,0.0012
13.11.2023 06:30:10.041 GMT-0800,327.064,326.856,0.0012,0.0012
13.11.2023 06:30:11.744 GMT-0800,326.904,326.746,0.0012,0.0012
13.11.2023 06:30:11.795 GMT-0800,326.944,326.736,0.0012,0.0012
13.11.2023 06:30:13.156 GMT-0800,326.953,326.737,0.0012,0.0012
13.11.2023 06:30:13.206 GMT-0800,326.953,326.747,0.0012,0.0012
13.11.2023 06:30:13.257 GMT-0800,326.954,326.736,0.0012,0.0012
13.11.2023 06:30:13.307 GMT-0800,326.944,326.736,0.0012,0.0012
13.11.2023 06:30:13.509 GMT-0800,326.953,326.837,0.0012,0.0012
13.11.2023 06:30:13.560 GMT-0800,327.05400000000003,326.846,0.0012,0.0012
13.11.2023 06:30:13.905 GMT-0800,327.053,326.90700000000004,0.0012,0.0012
13.11.2023 06:30:14.117 GMT-0800,327.05400000000003,326.88599999999997,0.0012,0.0012
13.11.2023 06:30:14.232 GMT-0800,326.97400000000005,326.816,0.0012,0.0012
13.11.2023 06:30:14.282 GMT-0800,326.954,326.736,0.0012,0.0012
13.11.2023 06:30:14.336 GMT-0800,326.983,326.737,0.0012,0.0012
13.11.2023 06:30:14.445 GMT-0800,326.97400000000005,326.736,0.0012,0.0012
13.11.2023 06:30:15.519 GMT-0800,327.343,326.807,0.0012,0.0012
13.11.2023 06:30:15.569 GMT-0800,327.154,326.916,0.0012,0.0012
13.11.2023 06:30:15.745 GMT-0800,327.153,326.897,0.0012,0.0012
13.11.2023 06:30:16.081 GMT-0800,327.153,326.937,0.0012,0.0012
13.11.2023 06:30:16.200 GMT-0800,327.214,327.016,0.0012,0.0012
13.11.2023 06:30:16.481 GMT-0800,327.214,326.976,0.0012,0.0012
13.11.2023 06:30:16.801 GMT-0800,327.214,326.996,0.0012,0.0012
13.11.2023 06:30:17.186 GMT-0800,327.214,327.016,0.0012,0.0012
13.11.2023 06:30:17.316 GMT-0800,327.453,327.087,0.0012,0.0012
13.11.2023 06:30:17.366 GMT-0800,327.454,327.146,0.0012,0.0012
13.11.2023 06:30:17.975 GMT-0800,327.403,327.22700000000003,0.0012,0.0012
13.11.2023 06:30:18.031 GMT-0800,327.404,327.176,0.0012,0.0012
13.11.2023 06:30:18.082 GMT-0800,327.403,327.147,0.0012,0.0012
13.11.2023 06:30:18.310 GMT-0800,327.30400000000003,327.146,0.0012,0.0012
13.11.2023 06:30:18.361 GMT-0800,327.30400000000003,327.126,0.0012,0.0012
13.11.2023 06:30:18.411 GMT-0800,327.283,327.107,0.0012,0.0012
13.11.2023 06:30:18.558 GMT-0800,327.283,327.127,0.0012,0.0012
13.11.2023 06:30:18.632 GMT-0800,327.443,327.137,0.0012,0.0012
13.11.2023 06:30:18.761 GMT-0800,327.293,327.127,0.0012,0.0012
13.11.2023 06:30:19.051 GMT-0800,327.293,327.087,0.0012,0.0012
13.11.2023 06:30:19.102 GMT-0800,327.29400000000004,327.016,0.0012,0.0012
13.11.2023 06:30:19.755 GMT-0800,327.314,326.996,0.0012,0.0012
13.11.2023 06:30:20.357 GMT-0800,327.314,327.026,0.0012,0.0012
13.11.2023 06:30:20.458 GMT-0800,327.394,327.096,0.0012,0.0012
13.11.2023 06:30:20.884 GMT-0800,327.393,327.15700000000004,0.0012,0.0012
13.11.2023 06:30:20.934 GMT-0800,327.394,327.116,0.0012,0.0012
13.11.2023 06:30:21.777 GMT-0800,327.394,327.146,0.0012,0.0012
13.11.2023 06:30:21.901 GMT-0800,327.394,327.156,0.0012,0.0012
13.11.2023 06:30:22.026 GMT-0800,327.393,327.137,0.0012,0.0012
13.11.2023 06:30:22.076 GMT-0800,327.29400000000004,327.046,0.0012,0.0012
13.11.2023 06:30:22.300 GMT-0800,327.29400000000004,327.056,0.0012,0.0012
13.11.2023 06:30:22.350 GMT-0800,327.29400000000004,327.046,0.0012,0.0012
13.11.2023 06:30:22.418 GMT-0800,327.29400000000004,327.086,0.0012,0.0012
13.11.2023 06:30:22.678 GMT-0800,327.373,327.087,0.0012,0.0012
13.11.2023 06:30:23.040 GMT-0800,327.373,327.137,0.0012,0.0012
13.11.2023 06:30:23.339 GMT-0800,327.373,327.127,0.0012,0.0012
13.11.2023 06:30:23.443 GMT-0800,327.373,327.137,0.0012,0.0012
13.11.2023 06:30:23.494 GMT-0800,327.373,327.127,0.0012,0.0012
13.11.2023 06:30:23.598 GMT-0800,327.373,327.137,0.0012,0.0012
13.11.2023 06:30:24.026 GMT-0800,327.373,327.127,0.0012,0.0012
13.11.2023 06:30:24.198 GMT-0800,327.263,327.127,0.0012,0.0012
13.11.2023 06:30:24.473 GMT-0800,327.244,327.066,0.0012,0.0012
13.11.2023 06:30:26.500 GMT-0800,327.23400000000004,327.026,0.0012,0.0012
13.11.2023 06:30:26.754 GMT-0800,327.23400000000004,327.016,0.0012,0.0012
13.11.2023 06:30:27.485 GMT-0800,327.244,327.016,0.0012,0.0012
13.11.2023 06:30:27.697 GMT-0800,327.264,327.016,0.0012,0.0012
13.11.2023 06:30:28.115 GMT-0800,327.094,326.896,0.0012,0.0012
13.11.2023 06:30:28.222 GMT-0800,327.094,326.906,0.0012,0.0012
13.11.2023 06:30:28.307 GMT-0800,327.093,326.897,0.0012,0.0012
13.11.2023 06:30:28.894 GMT-0800,327.173,326.887,0.0012,0.0012
13.11.2023 06:30:28.944 GMT-0800,327.004,326.746,0.0012,0.0012
13.11.2023 06:30:28.995 GMT-0800,327.004,326.606,0.0012,0.0012
13.11.2023 06:30:29.046 GMT-0800,327.003,326.577,0.0012,0.0012
13.11.2023 06:30:29.147 GMT-0800,327.004,326.546,0.0012,0.0012
13.11.2023 06:30:29.247 GMT-0800,327.003,326.567,0.0012,0.0012
13.11.2023 06:30:29.348 GMT-0800,327.004,326.766,0.0012,0.0012
13.11.2023 06:30:29.399 GMT-0800,327.004,326.646,0.0012,0.0012
13.11.2023 06:30:30.453 GMT-0800,326.92400000000004,326.646,0.0012,0.0012
13.11.2023 06:30:31.037 GMT-0800,327.003,326.647,0.0012,0.0012
13.11.2023 06:30:31.145 GMT-0800,326.923,326.647,0.0012,0.0012
13.11.2023 06:30:31.196 GMT-0800,327.003,326.647,0.0012,0.0012
13.11.2023 06:30:31.252 GMT-0800,326.923,326.647,0.0012,0.0012
13.11.2023 06:30:31.457 GMT-0800,326.863,326.647,0.0012,0.0012
13.11.2023 06:30:31.507 GMT-0800,326.923,326.66700000000003,0.0012,0.0012
13.11.2023 06:30:31.558 GMT-0800,327.004,326.736,0.0012,0.0012
13.11.2023 06:30:31.861 GMT-0800,327.004,326.746,0.0012,0.0012
13.11.2023 06:30:31.912 GMT-0800,327.004,326.736,0.0012,0.0012
13.11.2023 06:30:31.963 GMT-0800,327.003,326.747,0.0012,0.0012
13.11.2023 06:30:32.064 GMT-0800,327.003,326.777,0.0012,0.0012
13.11.2023 06:30:32.321 GMT-0800,327.003,326.737,0.0012,0.0012
13.11.2023 06:30:32.372 GMT-0800,327.004,326.716,0.0012,0.0012
13.11.2023 06:30:32.422 GMT-0800,326.913,326.71700000000004,0.0012,0.0012
13.11.2023 06:30:32.590 GMT-0800,326.91400000000004,326.69599999999997,0.0012,0.0012
13.11.2023 06:30:32.705 GMT-0800,327.004,326.69599999999997,0.0012,0.0012
13.11.2023 06:30:32.756 GMT-0800,327.004,326.756,0.0012,0.0012
13.11.2023 06:30:32.806 GMT-0800,327.194,326.836,0.0012,0.0012
13.11.2023 06:30:32.857 GMT-0800,327.263,326.857,0.0012,0.0012
13.11.2023 06:30:32.907 GMT-0800,327.153,326.857,0.0012,0.0012
13.11.2023 06:30:33.008 GMT-0800,327.263,326.887,0.0012,0.0012
13.11.2023 06:30:33.059 GMT-0800,327.214,326.88599999999997,0.0012,0.0012
13.11.2023 06:30:33.109 GMT-0800,327.253,326.90700000000004,0.0012,0.0012
13.11.2023 06:30:33.160 GMT-0800,327.264,326.88599999999997,0.0012,0.0012
13.11.2023 06:30:33.211 GMT-0800,327.263,326.837,0.0012,0.0012
13.11.2023 06:30:33.269 GMT-0800,327.163,326.857,0.0012,0.0012
13.11.2023 06:30:33.486 GMT-0800,327.163,326.867,0.0012,0.0012
13.11.2023 06:30:33.587 GMT-0800,327.073,326.777,0.0012,0.0012
13.11.2023 06:30:33.918 GMT-0800,327.073,326.757,0.0012,0.0012
13.11.2023 06:30:33.968 GMT-0800,326.964,326.746,0.0012,0.0012
13.11.2023 06:30:34.259 GMT-0800,326.964,326.686,0.0012,0.0012
13.11.2023 06:30:34.317 GMT-0800,326.97400000000005,326.686,0.0012,0.0012
13.11.2023 06:30:34.410 GMT-0800,326.953,326.687,0.0012,0.0012
13.11.2023 06:30:34.511 GMT-0800,326.943,326.697,0.0012,0.0012
13.11.2023 06:30:34.582 GMT-0800,326.944,326.686,0.0012,0.0012
13.11.2023 06:30:34.753 GMT-0800,326.943,326.697,0.0012,0.0012
13.11.2023 06:30:35.065 GMT-0800,326.944,326.686,0.0012,0.0012
13.11.2023 06:30:35.172 GMT-0800,326.943,326.78700000000003,0.0012,0.0012
13.11.2023 06:30:35.222 GMT-0800,326.953,326.78700000000003,0.0012,0.0012
13.11.2023 06:30:35.308 GMT-0800,326.953,326.777,0.0012,0.0012
13.11.2023 06:30:35.413 GMT-0800,326.953,326.78700000000003,0.0012,0.0012
13.11.2023 06:30:35.463 GMT-0800,326.953,326.697,0.0012,0.0012
13.11.2023 06:30:35.601 GMT-0800,326.954,326.786,0.0012,0.0012
13.11.2023 06:30:36.190 GMT-0800,326.953,326.697,0.0012,0.0012
13.11.2023 06:30:37.200 GMT-0800,326.913,326.697,0.0012,0.0012
13.11.2023 06:30:37.251 GMT-0800,326.954,326.69599999999997,0.0012,0.0012
13.11.2023 06:30:37.964 GMT-0800,326.954,326.776,0.0012,0.0012
13.11.2023 06:30:38.219 GMT-0800,326.943,326.777,0.0012,0.0012
13.11.2023 06:30:38.270 GMT-0800,326.954,326.776,0.0012,0.0012
13.11.2023 06:30:38.325 GMT-0800,326.933,326.757,0.0012,0.0012
13.11.2023 06:30:38.498 GMT-0800,326.923,326.767,0.0012,0.0012
13.11.2023 06:30:38.698 GMT-0800,326.933,326.767,0.0012,0.0012
13.11.2023 06:30:38.816 GMT-0800,326.934,326.756,0.0012,0.0012
13.11.2023 06:30:39.291 GMT-0800,326.884,326.686,0.0012,0.0012
13.11.2023 06:30:39.392 GMT-0800,326.883,326.697,0.0012,0.0012
13.11.2023 06:30:39.443 GMT-0800,326.893,326.697,0.0012,0.0012
13.11.2023 06:30:39.813 GMT-0800,326.893,326.707,0.0012,0.0012
13.11.2023 06:30:40.481 GMT-0800,326.893,326.71700000000004,0.0012,0.0012
13.11.2023 06:30:40.717 GMT-0800,326.894,326.706,0.0012,0.0012
13.11.2023 06:30:40.914 GMT-0800,326.894,326.716,0.0012,0.0012
13.11.2023 06:30:41.314 GMT-0800,326.893,326.707,0.0012,0.0012
13.11.2023 06:30:41.401 GMT-0800,326.893,326.71700000000004,0.0012,0.0012
13.11.2023 06:30:41.820 GMT-0800,326.893,326.707,0.0012,0.0012
13.11.2023 06:30:41.924 GMT-0800,326.893,326.71700000000004,0.0012,0.0012
13.11.2023 06:30:42.058 GMT-0800,326.894,326.706,0.0012,0.0012
13.11.2023 06:30:42.108 GMT-0800,326.894,326.716,0.0012,0.0012
13.11.2023 06:30:42.161 GMT-0800,326.893,326.707,0.0012,0.0012
13.11.2023 06:30:42.266 GMT-0800,326.893,326.71700000000004,0.0012,0.0012
13.11.2023 06:30:42.317 GMT-0800,326.893,326.707,0.0012,0.0012
13.11.2023 06:30:42.401 GMT-0800,326.894,326.716,0.0012,0.0012
13.11.2023 06:30:42.755 GMT-0800,326.894,326.706,0.0012,0.0012
13.11.2023 06:30:42.867 GMT-0800,326.894,326.716,0.0012,0.0012
13.11.2023 06:30:42.918 GMT-0800,326.894,326.706,0.0012,0.0012
13.11.2023 06:30:43.039 GMT-0800,326.893,326.71700000000004,0.0012,0.0012
13.11.2023 06:30:43.105 GMT-0800,326.903,326.71700000000004,0.0012,0.0012
13.11.2023 06:30:43.273 GMT-0800,326.903,326.707,0.0012,0.0012
13.11.2023 06:30:44.021 GMT-0800,326.903,326.71700000000004,0.0012,0.0012
13.11.2023 06:30:44.071 GMT-0800,326.903,326.707,0.0012,0.0012
13.11.2023 06:30:44.262 GMT-0800,326.903,326.71700000000004,0.0012,0.0012
13.11.2023 06:30:44.424 GMT-0800,326.904,326.706,0.0012,0.0012
13.11.2023 06:30:44.505 GMT-0800,326.904,326.716,0.0012,0.0012
13.11.2023 06:30:44.606 GMT-0800,326.903,326.747,0.0012,0.0012
13.11.2023 06:30:44.946 GMT-0800,326.903,326.757,0.0012,0.0012
13.11.2023 06:30:45.122 GMT-0800,326.904,326.766,0.0012,0.0012
13.11.2023 06:30:45.282 GMT-0800,326.884,326.766,0.0012,0.0012
13.11.2023 06:30:45.551 GMT-0800,326.903,326.777,0.0012,0.0012
13.11.2023 06:30:45.661 GMT-0800,326.904,326.786,0.0012,0.0012
13.11.2023 06:30:45.802 GMT-0800,326.893,326.777,0.0012,0.0012
13.11.2023 06:30:45.989 GMT-0800,326.98400000000004,326.866,0.0012,0.0012
13.11.2023 06:30:46.085 GMT-0800,327.073,326.91700000000003,0.0012,0.0012
13.11.2023 06:30:46.136 GMT-0800,327.083,326.927,0.0012,0.0012
13.11.2023 06:30:46.443 GMT-0800,327.203,326.96700000000004,0.0012,0.0012
13.11.2023 06:30:46.494 GMT-0800,327.184,326.976,0.0012,0.0012
13.11.2023 06:30:46.544 GMT-0800,327.183,326.96700000000004,0.0012,0.0012
13.11.2023 06:30:46.800 GMT-0800,327.184,326.94599999999997,0.0012,0.0012
13.11.2023 06:30:46.863 GMT-0800,327.163,326.947,0.0012,0.0012
13.11.2023 06:30:47.082 GMT-0800,327.16400000000004,326.926,0.0012,0.0012
13.11.2023 06:30:47.133 GMT-0800,327.053,326.91700000000003,0.0012,0.0012
13.11.2023 06:30:47.184 GMT-0800,327.063,326.91700000000003,0.0012,0.0012
13.11.2023 06:30:47.461 GMT-0800,327.053,326.91700000000003,0.0012,0.0012
13.11.2023 06:30:47.512 GMT-0800,327.063,326.91700000000003,0.0012,0.0012
13.11.2023 06:30:47.671 GMT-0800,327.053,326.867,0.0012,0.0012
13.11.2023 06:30:47.722 GMT-0800,327.064,326.866,0.0012,0.0012
13.11.2023 06:30:47.772 GMT-0800,327.05400000000003,326.866,0.0012,0.0012
13.11.2023 06:30:47.921 GMT-0800,327.053,326.897,0.0012,0.0012
13.11.2023 06:30:47.972 GMT-0800,327.053,326.867,0.0012,0.0012
13.11.2023 06:30:48.091 GMT-0800,327.063,326.867,0.0012,0.0012
13.11.2023 06:30:48.211 GMT-0800,327.05400000000003,326.866,0.0012,0.0012
13.11.2023 06:30:48.890 GMT-0800,327.063,326.867,0.0012,0.0012
13.11.2023 06:30:48.940 GMT-0800,327.074,326.896,0.0012,0.0012
13.11.2023 06:30:49.280 GMT-0800,327.074,326.956,0.0012,0.0012
13.11.2023 06:30:49.330 GMT-0800,327.073,326.897,0.0012,0.0012
13.11.2023 06:30:49.519 GMT-0800,327.084,326.896,0.0012,0.0012
13.11.2023 06:30:50.689 GMT-0800,327.084,326.866,0.0012,0.0012
13.11.2023 06:30:50.740 GMT-0800,327.004,326.866,0.0012,0.0012
13.11.2023 06:30:51.895 GMT-0800,327.083,326.97700000000003,0.0012,0.0012
13.11.2023 06:30:51.946 GMT-0800,327.083,326.897,0.0012,0.0012
13.11.2023 06:30:52.693 GMT-0800,327.073,326.897,0.0012,0.0012
13.11.2023 06:30:52.821 GMT-0800,327.084,326.896,0.0012,0.0012
13.11.2023 06:30:53.752 GMT-0800,327.074,326.896,0.0012,0.0012
13.11.2023 06:30:53.853 GMT-0800,327.074,326.866,0.0012,0.0012
13.11.2023 06:30:54.220 GMT-0800,327.084,326.866,0.0012,0.0012
13.11.2023 06:30:54.430 GMT-0800,327.074,326.896,0.0012,0.0012
13.11.2023 06:30:55.484 GMT-0800,327.084,326.896,0.0012,0.0012
13.11.2023 06:30:55.729 GMT-0800,327.074,326.896,0.0012,0.0012
13.11.2023 06:30:56.225 GMT-0800,327.083,326.897,0.0012,0.0012
13.11.2023 06:30:56.350 GMT-0800,327.04400000000004,326.896,0.0012,0.0012
13.11.2023 06:30:56.581 GMT-0800,327.04400000000004,326.916,0.0012,0.0012
13.11.2023 06:30:57.067 GMT-0800,327.053,326.927,0.0012,0.0012
13.11.2023 06:30:57.156 GMT-0800,327.153,326.937,0.0012,0.0012
13.11.2023 06:30:57.207 GMT-0800,327.153,326.927,0.0012,0.0012
13.11.2023 06:30:57.376 GMT-0800,327.063,326.91700000000003,0.0012,0.0012
13.11.2023 06:30:57.841 GMT-0800,326.964,326.916,0.0012,0.0012
13.11.2023 06:30:57.892 GMT-0800,327.004,326.916,0.0012,0.0012
13.11.2023 06:30:58.024 GMT-0800,327.004,326.866,0.0012,0.0012
13.11.2023 06:30:58.074 GMT-0800,327.003,326.887,0.0012,0.0012
13.11.2023 06:30:58.357 GMT-0800,327.11400000000003,326.88599999999997,0.0012,0.0012
13.11.2023 06:30:58.407 GMT-0800,327.074,326.916,0.0012,0.0012
13.11.2023 06:30:59.400 GMT-0800,326.944,326.866,0.0012,0.0012
13.11.2023 06:30:59.450 GMT-0800,326.913,326.78700000000003,0.0012,0.0012
13.11.2023 06:30:59.576 GMT-0800,326.904,326.766,0.0012,0.0012
13.11.2023 06:30:59.627 GMT-0800,326.894,326.756,0.0012,0.0012
13.11.2023 06:30:59.736 GMT-0800,326.874,326.756,0.0012,0.0012
13.11.2023 06:30:59.786 GMT-0800,326.884,326.756,0.0012,0.0012
13.11.2023 06:30:59.837 GMT-0800,326.973,326.777,0.0012,0.0012
13.11.2023 06:30:59.888 GMT-0800,326.97400000000005,326.766,0.0012,0.0012
13.11.2023 06:30:59.992 GMT-0800,326.97400000000005,326.866,0.0012,0.0012
13.11.2023 06:31:00.150 GMT-0800,326.964,326.866,0.0012,0.0012
13.11.2023 06:31:00.225 GMT-0800,326.97400000000005,326.866,0.0012,0.0012
13.11.2023 06:31:00.329 GMT-0800,326.964,326.866,0.0012,0.0012
13.11.2023 06:31:00.380 GMT-0800,326.973,326.867,0.0012,0.0012
13.11.2023 06:31:00.865 GMT-0800,326.964,326.766,0.0012,0.0012
13.11.2023 06:31:00.918 GMT-0800,326.963,326.867,0.0012,0.0012
13.11.2023 06:31:01.064 GMT-0800,326.97400000000005,326.866,0.0012,0.0012
13.11.2023 06:31:01.121 GMT-0800,326.983,326.867,0.0012,0.0012
13.11.2023 06:31:01.716 GMT-0800,327.073,326.867,0.0012,0.0012
13.11.2023 06:31:01.766 GMT-0800,327.103,326.97700000000003,0.0012,0.0012
13.11.2023 06:31:01.850 GMT-0800,327.11400000000003,326.976,0.0012,0.0012
13.11.2023 06:31:01.974 GMT-0800,327.124,326.966,0.0012,0.0012
13.11.2023 06:31:02.025 GMT-0800,327.124,326.976,0.0012,0.0012
13.11.2023 06:31:02.323 GMT-0800,327.16400000000004,326.976,0.0012,0.0012
13.11.2023 06:31:02.374 GMT-0800,327.203,327.067,0.0012,0.0012
13.11.2023 06:31:02.482 GMT-0800,327.203,327.03700000000003,0.0012,0.0012
13.11.2023 06:31:02.532 GMT-0800,327.263,327.16700000000003,0.0012,0.0012
13.11.2023 06:31:02.927 GMT-0800,327.253,327.16700000000003,0.0012,0.0012
13.11.2023 06:31:03.060 GMT-0800,327.273,327.16700000000003,0.0012,0.0012
13.11.2023 06:31:03.538 GMT-0800,327.264,327.166,0.0012,0.0012
13.11.2023 06:31:03.784 GMT-0800,327.273,327.16700000000003,0.0012,0.0012
13.11.2023 06:31:03.834 GMT-0800,327.283,327.197,0.0012,0.0012
13.11.2023 06:31:04.103 GMT-0800,327.344,327.19599999999997,0.0012,0.0012
13.11.2023 06:31:04.154 GMT-0800,327.374,327.276,0.0012,0.0012
13.11.2023 06:31:04.384 GMT-0800,327.36400000000003,327.276,0.0012,0.0012
13.11.2023 06:31:04.462 GMT-0800,327.374,327.276,0.0012,0.0012
13.11.2023 06:31:04.570 GMT-0800,327.363,327.277,0.0012,0.0012
13.11.2023 06:31:04.793 GMT-0800,327.373,327.277,0.0012,0.0012
13.11.2023 06:31:04.910 GMT-0800,327.374,327.236,0.0012,0.0012
13.11.2023 06:31:05.443 GMT-0800,327.443,327.307,0.0012,0.0012
13.11.2023 06:31:06.157 GMT-0800,327.35400000000004,327.226,0.0012,0.0012
13.11.2023 06:31:06.207 GMT-0800,327.363,327.22700000000003,0.0012,0.0012
13.11.2023 06:31:06.275 GMT-0800,327.35400000000004,327.226,0.0012,0.0012
13.11.2023 06:31:06.325 GMT-0800,327.36400000000003,327.226,0.0012,0.0012
13.11.2023 06:31:07.167 GMT-0800,327.353,327.22700000000003,0.0012,0.0012
13.11.2023 06:31:07.218 GMT-0800,327.363,327.22700000000003,0.0012,0.0012
13.11.2023 06:31:07.687 GMT-0800,327.35400000000004,327.166,0.0012,0.0012
13.11.2023 06:31:07.738 GMT-0800,327.283,327.077,0.0012,0.0012
13.11.2023 06:31:07.791 GMT-0800,327.263,327.077,0.0012,0.0012
13.11.2023 06:31:08.788 GMT-0800,327.263,327.087,0.0012,0.0012
13.11.2023 06:31:08.839 GMT-0800,327.264,327.07599999999996,0.0012,0.0012
13.11.2023 06:31:09.585 GMT-0800,327.254,327.07599999999996,0.0012,0.0012
13.11.2023 06:31:09.871 GMT-0800,327.254,327.056,0.0012,0.0012
13.11.2023 06:31:09.922 GMT-0800,327.22400000000005,327.056,0.0012,0.0012
13.11.2023 06:31:10.226 GMT-0800,327.213,327.027,0.0012,0.0012
13.11.2023 06:31:10.966 GMT-0800,327.134,327.026,0.0012,0.0012
13.11.2023 06:31:11.017 GMT-0800,327.074,326.916,0.0012,0.0012
13.11.2023 06:31:11.268 GMT-0800,327.173,326.91700000000003,0.0012,0.0012
13.11.2023 06:31:11.636 GMT-0800,327.17400000000004,326.996,0.0012,0.0012
13.11.2023 06:31:11.686 GMT-0800,327.184,326.996,0.0012,0.0012
13.11.2023 06:31:11.810 GMT-0800,327.173,326.997,0.0012,0.0012
13.11.2023 06:31:12.118 GMT-0800,327.183,326.997,0.0012,0.0012
13.11.2023 06:31:12.252 GMT-0800,327.194,326.996,0.0012,0.0012
13.11.2023 06:31:12.350 GMT-0800,327.184,326.996,0.0012,0.0012
13.11.2023 06:31:13.054 GMT-0800,327.193,326.997,0.0012,0.0012
13.11.2023 06:31:14.020 GMT-0800,327.194,327.006,0.0012,0.0012
13.11.2023 06:31:14.759 GMT-0800,327.184,327.006,0.0012,0.0012
13.11.2023 06:31:15.114 GMT-0800,327.184,327.056,0.0012,0.0012
13.11.2023 06:31:15.165 GMT-0800,327.194,327.056,0.0012,0.0012
13.11.2023 06:31:15.281 GMT-0800,327.17400000000004,327.116,0.0012,0.0012
13.11.2023 06:31:15.332 GMT-0800,327.23400000000004,327.016,0.0012,0.0012
13.11.2023 06:31:15.451 GMT-0800,327.264,327.016,0.0012,0.0012
13.11.2023 06:31:15.553 GMT-0800,327.254,327.006,0.0012,0.0012
13.11.2023 06:31:16.030 GMT-0800,327.264,327.006,0.0012,0.0012
13.11.2023 06:31:16.080 GMT-0800,327.263,327.017,0.0012,0.0012
13.11.2023 06:31:16.199 GMT-0800,327.254,327.006,0.0012,0.0012
13.11.2023 06:31:16.317 GMT-0800,327.264,327.016,0.0012,0.0012
13.11.2023 06:31:16.439 GMT-0800,327.254,327.006,0.0012,0.0012
13.11.2023 06:31:16.948 GMT-0800,327.263,327.017,0.0012,0.0012
13.11.2023 06:31:17.073 GMT-0800,327.283,327.017,0.0012,0.0012
13.11.2023 06:31:17.155 GMT-0800,327.363,327.017,0.0012,0.0012
13.11.2023 06:31:17.220 GMT-0800,327.353,327.127,0.0012,0.0012
13.11.2023 06:31:17.481 GMT-0800,327.283,327.017,0.0012,0.0012
13.11.2023 06:31:17.532 GMT-0800,327.283,327.007,0.0012,0.0012
13.11.2023 06:31:17.723 GMT-0800,327.323,327.017,0.0012,0.0012
13.11.2023 06:31:17.774 GMT-0800,327.223,327.007,0.0012,0.0012
13.11.2023 06:31:17.875 GMT-0800,327.214,327.006,0.0012,0.0012
13.11.2023 06:31:18.044 GMT-0800,327.194,326.986,0.0012,0.0012
13.11.2023 06:31:18.488 GMT-0800,327.194,327.016,0.0012,0.0012
13.11.2023 06:31:18.997 GMT-0800,327.343,327.09700000000004,0.0012,0.0012
13.11.2023 06:31:19.079 GMT-0800,327.334,327.096,0.0012,0.0012
13.11.2023 06:31:19.359 GMT-0800,327.274,327.156,0.0012,0.0012
13.11.2023 06:31:19.501 GMT-0800,327.223,327.09700000000004,0.0012,0.0012
13.11.2023 06:31:19.551 GMT-0800,327.193,327.09700000000004,0.0012,0.0012
13.11.2023 06:31:19.946 GMT-0800,327.184,327.096,0.0012,0.0012
13.11.2023 06:31:19.996 GMT-0800,327.173,327.077,0.0012,0.0012
13.11.2023 06:31:20.192 GMT-0800,327.163,327.077,0.0012,0.0012
13.11.2023 06:31:20.333 GMT-0800,327.144,327.07599999999996,0.0012,0.0012
13.11.2023 06:31:21.409 GMT-0800,327.23400000000004,327.086,0.0012,0.0012
13.11.2023 06:31:21.460 GMT-0800,327.254,327.07599999999996,0.0012,0.0012
13.11.2023 06:31:21.838 GMT-0800,327.173,327.077,0.0012,0.0012
13.11.2023 06:31:22.208 GMT-0800,327.124,327.036,0.0012,0.0012
13.11.2023 06:31:22.427 GMT-0800,327.113,327.03700000000003,0.0012,0.0012
13.11.2023 06:31:22.478 GMT-0800,327.173,327.03700000000003,0.0012,0.0012
13.11.2023 06:31:22.631 GMT-0800,327.184,327.036,0.0012,0.0012
13.11.2023 06:31:22.682 GMT-0800,327.254,327.036,0.0012,0.0012
13.11.2023 06:31:23.746 GMT-0800,327.113,327.03700000000003,0.0012,0.0012
13.11.2023 06:31:23.796 GMT-0800,327.253,327.03700000000003,0.0012,0.0012
13.11.2023 06:31:23.882 GMT-0800,327.11400000000003,326.976,0.0012,0.0012
13.11.2023 06:31:23.998 GMT-0800,327.143,326.997,0.0012,0.0012
13.11.2023 06:31:24.049 GMT-0800,327.073,326.987,0.0012,0.0012
13.11.2023 06:31:24.099 GMT-0800,327.103,326.987,0.0012,0.0012
13.11.2023 06:31:24.922 GMT-0800,327.154,326.986,0.0012,0.0012
13.11.2023 06:31:25.023 GMT-0800,327.11400000000003,327.026,0.0012,0.0012
13.11.2023 06:31:25.696 GMT-0800,327.083,327.027,0.0012,0.0012
13.11.2023 06:31:25.800 GMT-0800,327.073,326.91700000000003,0.0012,0.0012
13.11.2023 06:31:25.851 GMT-0800,327.103,326.947,0.0012,0.0012
13.11.2023 06:31:26.294 GMT-0800,327.074,326.916,0.0012,0.0012
13.11.2023 06:31:26.354 GMT-0800,327.154,326.916,0.0012,0.0012
13.11.2023 06:31:26.404 GMT-0800,327.124,326.916,0.0012,0.0012
13.11.2023 06:31:26.946 GMT-0800,327.11400000000003,326.916,0.0012,0.0012
13.11.2023 06:31:27.283 GMT-0800,327.133,326.91700000000003,0.0012,0.0012
13.11.2023 06:31:27.434 GMT-0800,327.133,326.987,0.0012,0.0012
13.11.2023 06:31:27.851 GMT-0800,327.133,326.997,0.0012,0.0012
13.11.2023 06:31:28.024 GMT-0800,327.163,326.997,0.0012,0.0012
13.11.2023 06:31:28.309 GMT-0800,327.204,326.996,0.0012,0.0012
13.11.2023 06:31:28.628 GMT-0800,327.16400000000004,326.996,0.0012,0.0012
13.11.2023 06:31:28.737 GMT-0800,326.994,326.916,0.0012,0.0012
13.11.2023 06:31:28.886 GMT-0800,326.98400000000004,326.916,0.0012,0.0012
13.11.2023 06:31:29.955 GMT-0800,327.134,326.956,0.0012,0.0012
13.11.2023 06:31:30.006 GMT-0800,327.17400000000004,326.986,0.0012,0.0012
13.11.2023 06:31:30.132 GMT-0800,327.16400000000004,326.986,0.0012,0.0012
13.11.2023 06:31:30.327 GMT-0800,327.163,326.997,0.0012,0.0012
13.11.2023 06:31:30.447 GMT-0800,327.16400000000004,327.046,0.0012,0.0012
13.11.2023 06:31:30.498 GMT-0800,327.274,327.116,0.0012,0.0012
13.11.2023 06:31:30.599 GMT-0800,327.333,327.117,0.0012,0.0012
13.11.2023 06:31:31.483 GMT-0800,327.343,327.127,0.0012,0.0012
13.11.2023 06:31:31.698 GMT-0800,327.333,327.127,0.0012,0.0012
13.11.2023 06:31:31.752 GMT-0800,327.344,327.126,0.0012,0.0012
13.11.2023 06:31:32.015 GMT-0800,327.254,327.206,0.0012,0.0012
13.11.2023 06:31:32.066 GMT-0800,327.343,327.21700000000004,0.0012,0.0012
13.11.2023 06:31:32.116 GMT-0800,327.343,327.247,0.0012,0.0012
13.11.2023 06:31:32.289 GMT-0800,327.344,327.216,0.0012,0.0012
13.11.2023 06:31:32.969 GMT-0800,327.333,327.207,0.0012,0.0012
13.11.2023 06:31:33.070 GMT-0800,327.323,327.207,0.0012,0.0012
13.11.2023 06:31:33.121 GMT-0800,327.334,327.206,0.0012,0.0012
13.11.2023 06:31:33.171 GMT-0800,327.324,327.206,0.0012,0.0012
13.11.2023 06:31:33.380 GMT-0800,327.334,327.206,0.0012,0.0012
13.11.2023 06:31:33.854 GMT-0800,327.334,327.216,0.0012,0.0012
13.11.2023 06:31:34.013 GMT-0800,327.323,327.21700000000004,0.0012,0.0012
13.11.2023 06:31:34.063 GMT-0800,327.333,327.21700000000004,0.0012,0.0012
13.11.2023 06:31:34.261 GMT-0800,327.35400000000004,327.216,0.0012,0.0012
13.11.2023 06:31:34.875 GMT-0800,327.36400000000003,327.216,0.0012,0.0012
13.11.2023 06:31:35.620 GMT-0800,327.363,327.207,0.0012,0.0012
13.11.2023 06:31:35.998 GMT-0800,327.35400000000004,327.206,0.0012,0.0012
13.11.2023 06:31:36.393 GMT-0800,327.36400000000003,327.206,0.0012,0.0012
13.11.2023 06:31:36.998 GMT-0800,327.353,327.207,0.0012,0.0012
13.11.2023 06:31:37.078 GMT-0800,327.363,327.207,0.0012,0.0012
13.11.2023 06:31:37.697 GMT-0800,327.35400000000004,327.206,0.0012,0.0012
13.11.2023 06:31:38.241 GMT-0800,327.36400000000003,327.206,0.0012,0.0012
13.11.2023 06:31:38.840 GMT-0800,327.453,327.317,0.0012,0.0012
13.11.2023 06:31:39.575 GMT-0800,327.443,327.317,0.0012,0.0012
13.11.2023 06:31:39.661 GMT-0800,327.443,327.22700000000003,0.0012,0.0012
13.11.2023 06:31:39.762 GMT-0800,327.453,327.317,0.0012,0.0012
13.11.2023 06:31:40.407 GMT-0800,327.443,327.317,0.0012,0.0012
13.11.2023 06:31:40.664 GMT-0800,327.454,327.316,0.0012,0.0012
13.11.2023 06:31:41.817 GMT-0800,327.393,327.22700000000003,0.0012,0.0012
13.11.2023 06:31:41.867 GMT-0800,327.353,327.257,0.0012,0.0012
13.11.2023 06:31:41.918 GMT-0800,327.453,327.257,0.0012,0.0012
13.11.2023 06:31:42.208 GMT-0800,327.453,327.267,0.0012,0.0012
13.11.2023 06:31:42.977 GMT-0800,327.454,327.276,0.0012,0.0012
13.11.2023 06:31:43.299 GMT-0800,327.453,327.267,0.0012,0.0012
13.11.2023 06:31:43.349 GMT-0800,327.393,327.267,0.0012,0.0012
13.11.2023 06:31:43.559 GMT-0800,327.36400000000003,327.266,0.0012,0.0012
13.11.2023 06:31:44.089 GMT-0800,327.374,327.266,0.0012,0.0012
13.11.2023 06:31:44.179 GMT-0800,327.36400000000003,327.266,0.0012,0.0012
13.11.2023 06:31:44.457 GMT-0800,327.353,327.267,0.0012,0.0012
13.11.2023 06:31:44.661 GMT-0800,327.363,327.267,0.0012,0.0012
13.11.2023 06:31:44.718 GMT-0800,327.373,327.267,0.0012,0.0012
13.11.2023 06:31:46.174 GMT-0800,327.454,327.266,0.0012,0.0012
13.11.2023 06:31:46.280 GMT-0800,327.393,327.267,0.0012,0.0012
13.11.2023 06:31:46.774 GMT-0800,327.453,327.267,0.0012,0.0012
13.11.2023 06:31:47.096 GMT-0800,327.454,327.216,0.0012,0.0012
13.11.2023 06:31:47.305 GMT-0800,327.453,327.327,0.0012,0.0012
13.11.2023 06:31:48.226 GMT-0800,327.454,327.336,0.0012,0.0012
13.11.2023 06:31:48.278 GMT-0800,327.493,327.367,0.0012,0.0012
13.11.2023 06:31:49.122 GMT-0800,327.504,327.376,0.0012,0.0012
13.11.2023 06:31:49.289 GMT-0800,327.543,327.447,0.0012,0.0012
13.11.2023 06:31:49.758 GMT-0800,327.54400000000004,327.456,0.0012,0.0012
13.11.2023 06:31:50.346 GMT-0800,327.54400000000004,327.44599999999997,0.0012,0.0012
13.11.2023 06:31:51.037 GMT-0800,327.54400000000004,327.456,0.0012,0.0012
13.11.2023 06:31:51.088 GMT-0800,327.543,327.447,0.0012,0.0012
13.11.2023 06:31:51.236 GMT-0800,327.60400000000004,327.516,0.0012,0.0012
13.11.2023 06:31:51.337 GMT-0800,327.603,327.527,0.0012,0.0012
13.11.2023 06:31:51.387 GMT-0800,327.60400000000004,327.516,0.0012,0.0012
13.11.2023 06:31:52.489 GMT-0800,327.69300000000004,327.607,0.0012,0.0012
13.11.2023 06:31:52.904 GMT-0800,327.643,327.607,0.0012,0.0012
13.11.2023 06:31:52.955 GMT-0800,327.69300000000004,327.607,0.0012,0.0012
13.11.2023 06:31:53.005 GMT-0800,327.643,327.607,0.0012,0.0012
13.11.2023 06:31:53.232 GMT-0800,327.694,327.606,0.0012,0.0012
13.11.2023 06:31:53.350 GMT-0800,327.644,327.606,0.0012,0.0012
13.11.2023 06:31:53.751 GMT-0800,327.69300000000004,327.607,0.0012,0.0012
13.11.2023 06:31:53.801 GMT-0800,327.643,327.607,0.0012,0.0012
13.11.2023 06:31:53.854 GMT-0800,327.633,327.517,0.0012,0.0012
13.11.2023 06:31:53.904 GMT-0800,327.69300000000004,327.59700000000004,0.0012,0.0012
13.11.2023 06:31:54.119 GMT-0800,327.76300000000003,327.59700000000004,0.0012,0.0012
13.11.2023 06:31:54.169 GMT-0800,327.754,327.596,0.0012,0.0012
13.11.2023 06:31:54.298 GMT-0800,327.754,327.606,0.0012,0.0012
13.11.2023 06:31:54.462 GMT-0800,327.764,327.63599999999997,0.0012,0.0012
13.11.2023 06:31:55.072 GMT-0800,327.76300000000003,327.68699999999995,0.0012,0.0012
13.11.2023 06:31:56.067 GMT-0800,327.744,327.686,0.0012,0.0012
13.11.2023 06:31:56.533 GMT-0800,327.764,327.69599999999997,0.0012,0.0012
13.11.2023 06:31:56.584 GMT-0800,327.80300000000005,327.707,0.0012,0.0012
13.11.2023 06:31:57.059 GMT-0800,327.783,327.707,0.0012,0.0012
13.11.2023 06:31:57.113 GMT-0800,327.80400000000003,327.706,0.0012,0.0012
13.11.2023 06:31:57.942 GMT-0800,327.80300000000005,327.757,0.0012,0.0012
13.11.2023 06:31:58.118 GMT-0800,327.783,327.73699999999997,0.0012,0.0012
13.11.2023 06:31:58.221 GMT-0800,327.80400000000003,327.736,0.0012,0.0012
13.11.2023 06:31:58.473 GMT-0800,327.904,327.746,0.0012,0.0012
13.11.2023 06:31:58.523 GMT-0800,327.80400000000003,327.766,0.0012,0.0012
13.11.2023 06:31:58.924 GMT-0800,327.904,327.776,0.0012,0.0012
13.11.2023 06:31:58.974 GMT-0800,327.80400000000003,327.766,0.0012,0.0012
13.11.2023 06:31:59.059 GMT-0800,327.86300000000006,327.777,0.0012,0.0012
13.11.2023 06:31:59.109 GMT-0800,327.79400000000004,327.776,0.0012,0.0012
13.11.2023 06:31:59.185 GMT-0800,327.80300000000005,327.777,0.0012,0.0012
13.11.2023 06:31:59.235 GMT-0800,327.80400000000003,327.786,0.0012,0.0012
13.11.2023 06:31:59.286 GMT-0800,327.903,327.787,0.0012,0.0012
13.11.2023 06:31:59.337 GMT-0800,327.853,327.767,0.0012,0.0012
13.11.2023 06:31:59.681 GMT-0800,327.903,327.767,0.0012,0.0012
13.11.2023 06:31:59.731 GMT-0800,327.85400000000004,327.766,0.0012,0.0012
13.11.2023 06:31:59.833 GMT-0800,327.79400000000004,327.766,0.0012,0.0012
13.11.2023 06:31:59.887 GMT-0800,327.853,327.777,0.0012,0.0012
13.11.2023 06:31:59.995 GMT-0800,327.903,327.767,0.0012,0.0012
13.11.2023 06:32:00.302 GMT-0800,327.954,327.766,0.0012,0.0012
13.11.2023 06:32:00.563 GMT-0800,327.94300000000004,327.767,0.0012,0.0012
13.11.2023 06:32:00.736 GMT-0800,327.80300000000005,327.767,0.0012,0.0012
13.11.2023 06:32:00.852 GMT-0800,327.86400000000003,327.756,0.0012,0.0012
13.11.2023 06:32:00.903 GMT-0800,327.934,327.766,0.0012,0.0012
13.11.2023 06:32:01.072 GMT-0800,327.80400000000003,327.766,0.0012,0.0012
13.11.2023 06:32:01.153 GMT-0800,327.934,327.766,0.0012,0.0012
13.11.2023 06:32:01.225 GMT-0800,327.843,327.767,0.0012,0.0012
13.11.2023 06:32:01.372 GMT-0800,327.934,327.776,0.0012,0.0012
13.11.2023 06:32:01.516 GMT-0800,327.93300000000005,327.767,0.0012,0.0012
13.11.2023 06:32:01.617 GMT-0800,327.944,327.786,0.0012,0.0012
13.11.2023 06:32:02.128 GMT-0800,327.86400000000003,327.786,0.0012,0.0012
13.11.2023 06:32:02.443 GMT-0800,327.99300000000005,327.85699999999997,0.0012,0.0012
13.11.2023 06:32:02.617 GMT-0800,328.00300000000004,327.85699999999997,0.0012,0.0012
13.11.2023 06:32:02.963 GMT-0800,328.004,327.88599999999997,0.0012,0.0012
13.11.2023 06:32:03.275 GMT-0800,328.00300000000004,327.957,0.0012,0.0012
13.11.2023 06:32:03.325 GMT-0800,328.00300000000004,327.887,0.0012,0.0012
13.11.2023 06:32:03.566 GMT-0800,327.98300000000006,327.887,0.0012,0.0012
13.11.2023 06:32:03.699 GMT-0800,328.004,327.88599999999997,0.0012,0.0012
13.11.2023 06:32:03.882 GMT-0800,328.00300000000004,327.85699999999997,0.0012,0.0012
13.11.2023 06:32:03.933 GMT-0800,327.99300000000005,327.85699999999997,0.0012,0.0012
13.11.2023 06:32:03.984 GMT-0800,328.004,327.856,0.0012,0.0012
13.11.2023 06:32:04.758 GMT-0800,327.99300000000005,327.85699999999997,0.0012,0.0012
13.11.2023 06:32:05.207 GMT-0800,328.00300000000004,327.85699999999997,0.0012,0.0012
13.11.2023 06:32:05.270 GMT-0800,328.00300000000004,327.93699999999995,0.0012,0.0012
13.11.2023 06:32:05.320 GMT-0800,328.30400000000003,328.226,0.0012,0.0012
13.11.2023 06:32:05.371 GMT-0800,328.32300000000004,328.197,0.0012,0.0012
13.11.2023 06:32:05.472 GMT-0800,328.384,328.246,0.0012,0.0012
13.11.2023 06:32:05.522 GMT-0800,328.384,328.296,0.0012,0.0012
13.11.2023 06:32:05.573 GMT-0800,328.384,328.286,0.0012,0.0012
13.11.2023 06:32:05.813 GMT-0800,328.37300000000005,328.287,0.0012,0.0012
13.11.2023 06:32:05.864 GMT-0800,328.344,328.166,0.0012,0.0012
13.11.2023 06:32:05.948 GMT-0800,328.37300000000005,328.167,0.0012,0.0012
13.11.2023 06:32:06.305 GMT-0800,328.24300000000005,328.147,0.0012,0.0012
13.11.2023 06:32:06.356 GMT-0800,328.244,328.036,0.0012,0.0012
13.11.2023 06:32:06.456 GMT-0800,328.23400000000004,328.026,0.0012,0.0012
13.11.2023 06:32:06.604 GMT-0800,328.184,328.006,0.0012,0.0012
13.11.2023 06:32:06.709 GMT-0800,328.084,328.006,0.0012,0.0012
13.11.2023 06:32:07.020 GMT-0800,328.23400000000004,328.026,0.0012,0.0012
13.11.2023 06:32:07.071 GMT-0800,328.23400000000004,328.006,0.0012,0.0012
13.11.2023 06:32:07.122 GMT-0800,328.24300000000005,328.007,0.0012,0.0012
13.11.2023 06:32:07.172 GMT-0800,328.23400000000004,328.006,0.0012,0.0012
13.11.2023 06:32:07.289 GMT-0800,328.163,328.007,0.0012,0.0012
13.11.2023 06:32:07.428 GMT-0800,328.17400000000004,328.006,0.0012,0.0012
13.11.2023 06:32:07.478 GMT-0800,328.153,328.027,0.0012,0.0012
13.11.2023 06:32:08.100 GMT-0800,328.144,328.026,0.0012,0.0012
13.11.2023 06:32:08.150 GMT-0800,328.17400000000004,328.026,0.0012,0.0012
13.11.2023 06:32:08.803 GMT-0800,328.134,328.026,0.0012,0.0012
13.11.2023 06:32:08.853 GMT-0800,328.17300000000006,328.027,0.0012,0.0012
13.11.2023 06:32:08.987 GMT-0800,328.23300000000006,328.027,0.0012,0.0012
13.11.2023 06:32:09.436 GMT-0800,328.23400000000004,328.016,0.0012,0.0012
13.11.2023 06:32:09.594 GMT-0800,328.23300000000006,328.007,0.0012,0.0012
13.11.2023 06:32:09.719 GMT-0800,328.23400000000004,328.016,0.0012,0.0012
13.11.2023 06:32:09.770 GMT-0800,328.23300000000006,328.007,0.0012,0.0012
13.11.2023 06:32:09.820 GMT-0800,328.344,328.176,0.0012,0.0012
13.11.2023 06:32:09.871 GMT-0800,328.343,328.05699999999996,0.0012,0.0012
13.11.2023 06:32:09.921 GMT-0800,328.264,328.116,0.0012,0.0012
13.11.2023 06:32:09.972 GMT-0800,328.343,328.05699999999996,0.0012,0.0012
13.11.2023 06:32:10.023 GMT-0800,328.264,328.056,0.0012,0.0012
13.11.2023 06:32:10.683 GMT-0800,328.264,328.116,0.0012,0.0012
13.11.2023 06:32:11.609 GMT-0800,328.24300000000005,328.11699999999996,0.0012,0.0012
13.11.2023 06:32:11.661 GMT-0800,328.26300000000003,328.11699999999996,0.0012,0.0012
13.11.2023 06:32:11.813 GMT-0800,328.264,328.056,0.0012,0.0012
13.11.2023 06:32:12.207 GMT-0800,328.14300000000003,328.007,0.0012,0.0012
13.11.2023 06:32:12.258 GMT-0800,328.11300000000006,327.85699999999997,0.0012,0.0012
13.11.2023 06:32:12.399 GMT-0800,327.954,327.846,0.0012,0.0012
13.11.2023 06:32:13.418 GMT-0800,327.92300000000006,327.847,0.0012,0.0012
13.11.2023 06:32:13.468 GMT-0800,327.884,327.626,0.0012,0.0012
13.11.2023 06:32:13.549 GMT-0800,327.88300000000004,327.607,0.0012,0.0012
13.11.2023 06:32:13.806 GMT-0800,327.88300000000004,327.627,0.0012,0.0012
13.11.2023 06:32:13.936 GMT-0800,327.97400000000005,327.656,0.0012,0.0012
13.11.2023 06:32:14.015 GMT-0800,327.963,327.65700000000004,0.0012,0.0012
13.11.2023 06:32:14.065 GMT-0800,327.964,327.646,0.0012,0.0012
13.11.2023 06:32:14.479 GMT-0800,327.91400000000004,327.646,0.0012,0.0012
13.11.2023 06:32:15.144 GMT-0800,327.97400000000005,327.646,0.0012,0.0012
13.11.2023 06:32:15.194 GMT-0800,327.963,327.647,0.0012,0.0012
13.11.2023 06:32:15.386 GMT-0800,327.964,327.63599999999997,0.0012,0.0012
13.11.2023 06:32:16.158 GMT-0800,327.834,327.63599999999997,0.0012,0.0012
13.11.2023 06:32:16.208 GMT-0800,327.963,327.647,0.0012,0.0012
13.11.2023 06:32:16.259 GMT-0800,327.964,327.63599999999997,0.0012,0.0012
13.11.2023 06:32:16.332 GMT-0800,327.964,327.646,0.0012,0.0012
13.11.2023 06:32:17.036 GMT-0800,328.153,327.827,0.0012,0.0012
13.11.2023 06:32:17.087 GMT-0800,328.06300000000005,327.827,0.0012,0.0012
13.11.2023 06:32:17.250 GMT-0800,328.153,327.827,0.0012,0.0012
13.11.2023 06:32:17.300 GMT-0800,328.033,327.827,0.0012,0.0012
13.11.2023 06:32:17.559 GMT-0800,327.92400000000004,327.82599999999996,0.0012,0.0012
13.11.2023 06:32:17.610 GMT-0800,328.024,327.82599999999996,0.0012,0.0012
13.11.2023 06:32:17.712 GMT-0800,327.92300000000006,327.827,0.0012,0.0012
13.11.2023 06:32:17.804 GMT-0800,328.024,327.82599999999996,0.0012,0.0012
13.11.2023 06:32:18.043 GMT-0800,328.03400000000005,327.82599999999996,0.0012,0.0012
13.11.2023 06:32:18.267 GMT-0800,328.023,327.827,0.0012,0.0012
13.11.2023 06:32:18.508 GMT-0800,327.92400000000004,327.82599999999996,0.0012,0.0012
13.11.2023 06:32:18.772 GMT-0800,327.913,327.827,0.0012,0.0012
13.11.2023 06:32:18.865 GMT-0800,328.023,327.827,0.0012,0.0012
13.11.2023 06:32:18.954 GMT-0800,327.92300000000006,327.827,0.0012,0.0012
13.11.2023 06:32:19.362 GMT-0800,327.91400000000004,327.666,0.0012,0.0012
13.11.2023 06:32:19.793 GMT-0800,327.844,327.596,0.0012,0.0012
13.11.2023 06:32:20.125 GMT-0800,327.70300000000003,327.517,0.0012,0.0012
13.11.2023 06:32:20.410 GMT-0800,327.713,327.517,0.0012,0.0012
13.11.2023 06:32:20.563 GMT-0800,327.704,327.516,0.0012,0.0012
13.11.2023 06:32:20.685 GMT-0800,327.70300000000003,327.46700000000004,0.0012,0.0012
13.11.2023 06:32:20.880 GMT-0800,327.60400000000004,327.466,0.0012,0.0012
13.11.2023 06:32:20.931 GMT-0800,327.623,327.46700000000004,0.0012,0.0012
13.11.2023 06:32:21.073 GMT-0800,327.523,327.377,0.0012,0.0012
13.11.2023 06:32:21.124 GMT-0800,327.523,327.367,0.0012,0.0012
13.11.2023 06:32:21.225 GMT-0800,327.61400000000003,327.366,0.0012,0.0012
13.11.2023 06:32:21.517 GMT-0800,327.613,327.377,0.0012,0.0012
13.11.2023 06:32:21.705 GMT-0800,327.613,327.397,0.0012,0.0012
13.11.2023 06:32:22.016 GMT-0800,327.613,327.41700000000003,0.0012,0.0012
13.11.2023 06:32:22.126 GMT-0800,327.613,327.437,0.0012,0.0012
13.11.2023 06:32:22.176 GMT-0800,327.60400000000004,327.396,0.0012,0.0012
13.11.2023 06:32:22.428 GMT-0800,327.603,327.41700000000003,0.0012,0.0012
13.11.2023 06:32:22.479 GMT-0800,327.624,327.416,0.0012,0.0012
13.11.2023 06:32:24.379 GMT-0800,327.623,327.46700000000004,0.0012,0.0012
13.11.2023 06:32:24.430 GMT-0800,327.634,327.416,0.0012,0.0012
13.11.2023 06:32:24.524 GMT-0800,327.634,327.516,0.0012,0.0012
13.11.2023 06:32:24.630 GMT-0800,327.623,327.517,0.0012,0.0012
13.11.2023 06:32:24.932 GMT-0800,327.633,327.517,0.0012,0.0012
13.11.2023 06:32:25.123 GMT-0800,327.623,327.517,0.0012,0.0012
13.11.2023 06:32:25.682 GMT-0800,327.634,327.516,0.0012,0.0012
13.11.2023 06:32:26.112 GMT-0800,327.73400000000004,327.516,0.0012,0.0012
13.11.2023 06:32:26.349 GMT-0800,327.72400000000005,327.516,0.0012,0.0012
13.11.2023 06:32:27.074 GMT-0800,327.73300000000006,327.517,0.0012,0.0012
13.11.2023 06:32:27.263 GMT-0800,327.723,327.517,0.0012,0.0012
13.11.2023 06:32:28.013 GMT-0800,327.73300000000006,327.517,0.0012,0.0012
13.11.2023 06:32:28.114 GMT-0800,327.723,327.517,0.0012,0.0012
13.11.2023 06:32:28.230 GMT-0800,327.73300000000006,327.517,0.0012,0.0012
13.11.2023 06:32:28.328 GMT-0800,327.72400000000005,327.516,0.0012,0.0012
13.11.2023 06:32:28.459 GMT-0800,327.623,327.517,0.0012,0.0012
13.11.2023 06:32:29.039 GMT-0800,327.613,327.517,0.0012,0.0012
13.11.2023 06:32:30.917 GMT-0800,327.633,327.527,0.0012,0.0012
13.11.2023 06:32:30.968 GMT-0800,327.704,327.496,0.0012,0.0012
13.11.2023 06:32:31.072 GMT-0800,327.78400000000005,327.496,0.0012,0.0012
13.11.2023 06:32:31.122 GMT-0800,327.704,327.496,0.0012,0.0012
13.11.2023 06:32:31.414 GMT-0800,327.783,327.497,0.0012,0.0012
13.11.2023 06:32:31.762 GMT-0800,327.783,327.627,0.0012,0.0012
13.11.2023 06:32:31.813 GMT-0800,327.79400000000004,327.626,0.0012,0.0012
13.11.2023 06:32:32.234 GMT-0800,327.78400000000005,327.626,0.0012,0.0012
13.11.2023 06:32:32.604 GMT-0800,327.79300000000006,327.627,0.0012,0.0012
13.11.2023 06:32:32.745 GMT-0800,327.783,327.627,0.0012,0.0012
13.11.2023 06:32:32.932 GMT-0800,327.78400000000005,327.496,0.0012,0.0012
13.11.2023 06:32:32.983 GMT-0800,327.643,327.497,0.0012,0.0012
13.11.2023 06:32:33.148 GMT-0800,327.70300000000003,327.497,0.0012,0.0012
13.11.2023 06:32:34.637 GMT-0800,327.694,327.496,0.0012,0.0012
13.11.2023 06:32:35.105 GMT-0800,327.70300000000003,327.497,0.0012,0.0012
13.11.2023 06:32:35.747 GMT-0800,327.713,327.497,0.0012,0.0012
13.11.2023 06:32:35.843 GMT-0800,327.774,327.496,0.0012,0.0012
13.11.2023 06:32:35.996 GMT-0800,327.76300000000003,327.497,0.0012,0.0012
13.11.2023 06:32:36.184 GMT-0800,327.773,327.53700000000003,0.0012,0.0012
13.11.2023 06:32:36.533 GMT-0800,327.79400000000004,327.556,0.0012,0.0012
13.11.2023 06:32:36.584 GMT-0800,327.91400000000004,327.596,0.0012,0.0012
13.11.2023 06:32:36.635 GMT-0800,327.92400000000004,327.596,0.0012,0.0012
13.11.2023 06:32:37.450 GMT-0800,327.834,327.586,0.0012,0.0012
13.11.2023 06:32:37.685 GMT-0800,327.833,327.59700000000004,0.0012,0.0012
13.11.2023 06:32:39.798 GMT-0800,327.834,327.586,0.0012,0.0012
13.11.2023 06:32:39.849 GMT-0800,327.79300000000006,327.587,0.0012,0.0012
13.11.2023 06:32:39.953 GMT-0800,327.75300000000004,327.587,0.0012,0.0012
13.11.2023 06:32:40.590 GMT-0800,327.663,327.587,0.0012,0.0012
13.11.2023 06:32:40.640 GMT-0800,327.754,327.586,0.0012,0.0012
13.11.2023 06:32:40.691 GMT-0800,327.633,327.587,0.0012,0.0012
13.11.2023 06:32:41.007 GMT-0800,327.654,327.596,0.0012,0.0012
13.11.2023 06:32:41.731 GMT-0800,327.654,327.496,0.0012,0.0012
13.11.2023 06:32:42.059 GMT-0800,327.66400000000004,327.496,0.0012,0.0012
13.11.2023 06:32:43.404 GMT-0800,327.654,327.496,0.0012,0.0012
13.11.2023 06:32:43.593 GMT-0800,327.663,327.497,0.0012,0.0012
13.11.2023 06:32:44.789 GMT-0800,327.68300000000005,327.53700000000003,0.0012,0.0012
13.11.2023 06:32:44.861 GMT-0800,327.68300000000005,327.517,0.0012,0.0012
13.11.2023 06:32:44.960 GMT-0800,327.67400000000004,327.516,0.0012,0.0012
13.11.2023 06:32:45.014 GMT-0800,327.684,327.516,0.0012,0.0012
13.11.2023 06:32:45.790 GMT-0800,327.684,327.526,0.0012,0.0012
13.11.2023 06:32:45.891 GMT-0800,327.754,327.616,0.0012,0.0012
13.11.2023 06:32:46.910 GMT-0800,327.75300000000004,327.59700000000004,0.0012,0.0012
13.11.2023 06:32:47.105 GMT-0800,327.714,327.586,0.0012,0.0012
13.11.2023 06:32:47.381 GMT-0800,327.714,327.656,0.0012,0.0012
13.11.2023 06:32:47.432 GMT-0800,327.713,327.587,0.0012,0.0012
13.11.2023 06:32:47.692 GMT-0800,327.79300000000006,327.647,0.0012,0.0012
13.11.2023 06:32:48.321 GMT-0800,327.79300000000006,327.677,0.0012,0.0012
13.11.2023 06:32:48.847 GMT-0800,327.79300000000006,327.707,0.0012,0.0012
13.11.2023 06:32:48.897 GMT-0800,327.904,327.686,0.0012,0.0012
13.11.2023 06:32:48.969 GMT-0800,327.903,327.647,0.0012,0.0012
13.11.2023 06:32:49.575 GMT-0800,327.903,327.627,0.0012,0.0012
13.11.2023 06:32:49.626 GMT-0800,327.89300000000003,327.627,0.0012,0.0012
13.11.2023 06:32:49.793 GMT-0800,327.80300000000005,327.697,0.0012,0.0012
13.11.2023 06:32:49.843 GMT-0800,327.814,327.69599999999997,0.0012,0.0012
13.11.2023 06:32:49.894 GMT-0800,327.80400000000003,327.69599999999997,0.0012,0.0012
13.11.2023 06:32:50.069 GMT-0800,327.80300000000005,327.707,0.0012,0.0012
13.11.2023 06:32:50.119 GMT-0800,327.814,327.706,0.0012,0.0012
13.11.2023 06:32:50.230 GMT-0800,327.81300000000005,327.697,0.0012,0.0012
13.11.2023 06:32:50.822 GMT-0800,327.80400000000003,327.69599999999997,0.0012,0.0012
13.11.2023 06:32:50.873 GMT-0800,327.80300000000005,327.627,0.0012,0.0012
13.11.2023 06:32:51.108 GMT-0800,327.80400000000003,327.63599999999997,0.0012,0.0012
13.11.2023 06:32:51.159 GMT-0800,327.81300000000005,327.637,0.0012,0.0012
13.11.2023 06:32:51.211 GMT-0800,327.814,327.69599999999997,0.0012,0.0012
13.11.2023 06:32:51.313 GMT-0800,327.86300000000006,327.697,0.0012,0.0012
13.11.2023 06:32:51.391 GMT-0800,327.843,327.697,0.0012,0.0012
13.11.2023 06:32:52.804 GMT-0800,327.81300000000005,327.697,0.0012,0.0012
13.11.2023 06:32:54.708 GMT-0800,327.80400000000003,327.69599999999997,0.0012,0.0012
13.11.2023 06:32:55.553 GMT-0800,327.783,327.697,0.0012,0.0012
13.11.2023 06:32:55.660 GMT-0800,327.704,327.626,0.0012,0.0012
13.11.2023 06:32:55.711 GMT-0800,327.673,327.557,0.0012,0.0012
13.11.2023 06:32:55.812 GMT-0800,327.67400000000004,327.516,0.0012,0.0012
13.11.2023 06:32:56.088 GMT-0800,327.67400000000004,327.556,0.0012,0.0012
13.11.2023 06:32:56.260 GMT-0800,327.75300000000004,327.557,0.0012,0.0012
13.11.2023 06:32:56.311 GMT-0800,327.75300000000004,327.567,0.0012,0.0012
13.11.2023 06:32:56.446 GMT-0800,327.76300000000003,327.557,0.0012,0.0012
13.11.2023 06:32:56.588 GMT-0800,327.73300000000006,327.557,0.0012,0.0012
13.11.2023 06:32:56.639 GMT-0800,327.74300000000005,327.557,0.0012,0.0012
13.11.2023 06:32:56.796 GMT-0800,327.72400000000005,327.556,0.0012,0.0012
13.11.2023 06:32:56.859 GMT-0800,327.72400000000005,327.536,0.0012,0.0012
13.11.2023 06:32:56.960 GMT-0800,327.723,327.517,0.0012,0.0012
13.11.2023 06:32:57.208 GMT-0800,327.72400000000005,327.566,0.0012,0.0012
13.11.2023 06:32:57.340 GMT-0800,327.73300000000006,327.567,0.0012,0.0012
13.11.2023 06:32:57.530 GMT-0800,327.723,327.567,0.0012,0.0012
13.11.2023 06:32:57.605 GMT-0800,327.73300000000006,327.567,0.0012,0.0012
13.11.2023 06:32:57.703 GMT-0800,327.72400000000005,327.566,0.0012,0.0012
13.11.2023 06:32:58.353 GMT-0800,327.73300000000006,327.607,0.0012,0.0012
13.11.2023 06:32:58.543 GMT-0800,327.73400000000004,327.616,0.0012,0.0012
13.11.2023 06:32:59.095 GMT-0800,327.74300000000005,327.617,0.0012,0.0012
13.11.2023 06:33:00.299 GMT-0800,327.764,327.616,0.0012,0.0012
13.11.2023 06:33:00.397 GMT-0800,327.78400000000005,327.616,0.0012,0.0012
13.11.2023 06:33:00.447 GMT-0800,327.78400000000005,327.666,0.0012,0.0012
13.11.2023 06:33:01.511 GMT-0800,327.86300000000006,327.68699999999995,0.0012,0.0012
13.11.2023 06:33:01.580 GMT-0800,327.853,327.677,0.0012,0.0012
13.11.2023 06:33:01.630 GMT-0800,327.86400000000003,327.676,0.0012,0.0012
13.11.2023 06:33:01.759 GMT-0800,327.86300000000006,327.66700000000003,0.0012,0.0012
13.11.2023 06:33:02.451 GMT-0800,327.80400000000003,327.666,0.0012,0.0012
13.11.2023 06:33:02.705 GMT-0800,327.79400000000004,327.666,0.0012,0.0012
13.11.2023 06:33:02.876 GMT-0800,327.80300000000005,327.68699999999995,0.0012,0.0012
13.11.2023 06:33:03.200 GMT-0800,327.764,327.676,0.0012,0.0012
13.11.2023 06:33:03.580 GMT-0800,327.773,327.677,0.0012,0.0012
13.11.2023 06:33:04.303 GMT-0800,327.80400000000003,327.686,0.0012,0.0012
13.11.2023 06:33:04.404 GMT-0800,327.904,327.756,0.0012,0.0012
13.11.2023 06:33:05.063 GMT-0800,327.874,327.756,0.0012,0.0012
13.11.2023 06:33:05.167 GMT-0800,327.86400000000003,327.756,0.0012,0.0012
13.11.2023 06:33:05.217 GMT-0800,327.87300000000005,327.757,0.0012,0.0012
13.11.2023 06:33:05.391 GMT-0800,327.904,327.756,0.0012,0.0012
13.11.2023 06:33:06.071 GMT-0800,327.92400000000004,327.806,0.0012,0.0012
13.11.2023 06:33:06.122 GMT-0800,327.98300000000006,327.757,0.0012,0.0012
13.11.2023 06:33:06.172 GMT-0800,327.98400000000004,327.766,0.0012,0.0012
13.11.2023 06:33:06.244 GMT-0800,327.98400000000004,327.756,0.0012,0.0012
13.11.2023 06:33:06.423 GMT-0800,327.98400000000004,327.816,0.0012,0.0012
13.11.2023 06:33:06.961 GMT-0800,328.05400000000003,327.88599999999997,0.0012,0.0012
13.11.2023 06:33:07.012 GMT-0800,328.04300000000006,327.81699999999995,0.0012,0.0012
13.11.2023 06:33:07.187 GMT-0800,328.04400000000004,327.82599999999996,0.0012,0.0012
13.11.2023 06:33:07.238 GMT-0800,328.05400000000003,327.82599999999996,0.0012,0.0012
13.11.2023 06:33:07.340 GMT-0800,328.04300000000006,327.81699999999995,0.0012,0.0012
13.11.2023 06:33:07.445 GMT-0800,328.04400000000004,327.82599999999996,0.0012,0.0012
13.11.2023 06:33:07.526 GMT-0800,328.04300000000006,327.81699999999995,0.0012,0.0012
13.11.2023 06:33:07.577 GMT-0800,328.04300000000006,327.827,0.0012,0.0012
13.11.2023 06:33:07.701 GMT-0800,328.05400000000003,327.906,0.0012,0.0012
13.11.2023 06:33:07.752 GMT-0800,328.04400000000004,327.846,0.0012,0.0012
13.11.2023 06:33:07.925 GMT-0800,328.04400000000004,327.866,0.0012,0.0012
13.11.2023 06:33:08.019 GMT-0800,328.05400000000003,327.866,0.0012,0.0012
13.11.2023 06:33:08.111 GMT-0800,328.04300000000006,327.86699999999996,0.0012,0.0012
13.11.2023 06:33:08.358 GMT-0800,327.98400000000004,327.866,0.0012,0.0012
13.11.2023 06:33:08.773 GMT-0800,328.00300000000004,327.86699999999996,0.0012,0.0012
13.11.2023 06:33:08.823 GMT-0800,327.99300000000005,327.86699999999996,0.0012,0.0012
13.11.2023 06:33:09.264 GMT-0800,328.004,327.866,0.0012,0.0012
13.11.2023 06:33:09.314 GMT-0800,327.994,327.866,0.0012,0.0012
13.11.2023 06:33:09.428 GMT-0800,328.00300000000004,327.86699999999996,0.0012,0.0012
13.11.2023 06:33:10.041 GMT-0800,327.98400000000004,327.866,0.0012,0.0012
13.11.2023 06:33:10.656 GMT-0800,327.99300000000005,327.86699999999996,0.0012,0.0012
13.11.2023 06:33:10.707 GMT-0800,328.00300000000004,327.85699999999997,0.0012,0.0012
13.11.2023 06:33:11.247 GMT-0800,327.934,327.82599999999996,0.0012,0.0012
13.11.2023 06:33:11.348 GMT-0800,327.964,327.876,0.0012,0.0012
13.11.2023 06:33:11.542 GMT-0800,327.93300000000005,327.827,0.0012,0.0012
13.11.2023 06:33:11.683 GMT-0800,327.954,327.82599999999996,0.0012,0.0012
13.11.2023 06:33:11.734 GMT-0800,327.92300000000006,327.827,0.0012,0.0012
13.11.2023 06:33:11.842 GMT-0800,327.934,327.82599999999996,0.0012,0.0012
13.11.2023 06:33:11.893 GMT-0800,327.92400000000004,327.82599999999996,0.0012,0.0012
13.11.2023 06:33:12.050 GMT-0800,327.913,327.827,0.0012,0.0012
13.11.2023 06:33:12.151 GMT-0800,327.93300000000005,327.827,0.0012,0.0012
13.11.2023 06:33:12.786 GMT-0800,327.954,327.82599999999996,0.0012,0.0012
13.11.2023 06:33:12.974 GMT-0800,327.973,327.827,0.0012,0.0012
13.11.2023 06:33:13.499 GMT-0800,327.963,327.827,0.0012,0.0012
13.11.2023 06:33:13.589 GMT-0800,327.97400000000005,327.82599999999996,0.0012,0.0012
13.11.2023 06:33:14.726 GMT-0800,327.93300000000005,327.827,0.0012,0.0012
13.11.2023 06:33:15.127 GMT-0800,327.87300000000005,327.767,0.0012,0.0012
13.11.2023 06:33:15.279 GMT-0800,327.89300000000003,327.767,0.0012,0.0012
13.11.2023 06:33:16.066 GMT-0800,327.934,327.766,0.0012,0.0012
13.11.2023 06:33:16.752 GMT-0800,327.92300000000006,327.767,0.0012,0.0012
13.11.2023 06:33:17.460 GMT-0800,327.89300000000003,327.767,0.0012,0.0012
13.11.2023 06:33:18.082 GMT-0800,327.834,327.766,0.0012,0.0012
13.11.2023 06:33:18.133 GMT-0800,327.80300000000005,327.627,0.0012,0.0012
13.11.2023 06:33:18.447 GMT-0800,327.78400000000005,327.626,0.0012,0.0012
13.11.2023 06:33:18.595 GMT-0800,327.76300000000003,327.627,0.0012,0.0012
13.11.2023 06:33:18.761 GMT-0800,327.744,327.626,0.0012,0.0012
13.11.2023 06:33:18.811 GMT-0800,327.88300000000004,327.637,0.0012,0.0012
13.11.2023 06:33:18.907 GMT-0800,327.88300000000004,327.647,0.0012,0.0012
13.11.2023 06:33:18.957 GMT-0800,327.884,327.63599999999997,0.0012,0.0012
13.11.2023 06:33:19.229 GMT-0800,327.884,327.626,0.0012,0.0012
13.11.2023 06:33:19.322 GMT-0800,327.874,327.626,0.0012,0.0012
13.11.2023 06:33:19.438 GMT-0800,327.884,327.626,0.0012,0.0012
13.11.2023 06:33:19.489 GMT-0800,327.88300000000004,327.637,0.0012,0.0012
13.11.2023 06:33:20.152 GMT-0800,327.894,327.63599999999997,0.0012,0.0012
13.11.2023 06:33:20.314 GMT-0800,327.89300000000003,327.66700000000003,0.0012,0.0012
13.11.2023 06:33:20.743 GMT-0800,328.07300000000004,327.80699999999996,0.0012,0.0012
13.11.2023 06:33:20.885 GMT-0800,328.084,327.82599999999996,0.0012,0.0012
13.11.2023 06:33:20.935 GMT-0800,328.093,327.827,0.0012,0.0012
13.11.2023 06:33:21.017 GMT-0800,328.094,327.836,0.0012,0.0012
13.11.2023 06:33:21.067 GMT-0800,328.094,327.82599999999996,0.0012,0.0012
13.11.2023 06:33:21.118 GMT-0800,328.084,327.82599999999996,0.0012,0.0012
13.11.2023 06:33:21.169 GMT-0800,328.11300000000006,327.837,0.0012,0.0012
13.11.2023 06:33:21.244 GMT-0800,328.093,327.837,0.0012,0.0012
13.11.2023 06:33:21.294 GMT-0800,328.11300000000006,327.827,0.0012,0.0012
13.11.2023 06:33:21.449 GMT-0800,328.11400000000003,327.836,0.0012,0.0012
13.11.2023 06:33:21.791 GMT-0800,328.11300000000006,327.887,0.0012,0.0012
13.11.2023 06:33:21.942 GMT-0800,328.083,327.887,0.0012,0.0012
13.11.2023 06:33:23.434 GMT-0800,328.11400000000003,327.88599999999997,0.0012,0.0012
13.11.2023 06:33:23.485 GMT-0800,328.11300000000006,327.897,0.0012,0.0012
13.11.2023 06:33:23.739 GMT-0800,328.11400000000003,327.88599999999997,0.0012,0.0012
13.11.2023 06:33:23.793 GMT-0800,328.094,327.88599999999997,0.0012,0.0012
13.11.2023 06:33:24.235 GMT-0800,328.11400000000003,327.88599999999997,0.0012,0.0012
13.11.2023 06:33:24.337 GMT-0800,328.083,327.887,0.0012,0.0012
13.11.2023 06:33:24.433 GMT-0800,328.11300000000006,327.887,0.0012,0.0012
13.11.2023 06:33:24.483 GMT-0800,328.093,327.887,0.0012,0.0012
13.11.2023 06:33:24.602 GMT-0800,328.084,327.88599999999997,0.0012,0.0012
13.11.2023 06:33:24.672 GMT-0800,328.094,327.88599999999997,0.0012,0.0012
13.11.2023 06:33:24.772 GMT-0800,328.084,327.88599999999997,0.0012,0.0012
13.11.2023 06:33:24.824 GMT-0800,328.094,327.82599999999996,0.0012,0.0012
13.11.2023 06:33:24.969 GMT-0800,328.083,327.827,0.0012,0.0012
13.11.2023 06:33:25.912 GMT-0800,328.094,327.82599999999996,0.0012,0.0012
13.11.2023 06:33:26.023 GMT-0800,328.084,327.82599999999996,0.0012,0.0012
13.11.2023 06:33:26.073 GMT-0800,328.093,327.827,0.0012,0.0012
13.11.2023 06:33:26.125 GMT-0800,328.094,327.836,0.0012,0.0012
13.11.2023 06:33:26.540 GMT-0800,328.00300000000004,327.827,0.0012,0.0012
13.11.2023 06:33:26.683 GMT-0800,328.094,327.82599999999996,0.0012,0.0012
13.11.2023 06:33:27.180 GMT-0800,328.084,327.82599999999996,0.0012,0.0012
13.11.2023 06:33:27.441 GMT-0800,328.093,327.837,0.0012,0.0012
13.11.2023 06:33:27.491 GMT-0800,328.094,327.82599999999996,0.0012,0.0012
13.11.2023 06:33:27.805 GMT-0800,328.084,327.82599999999996,0.0012,0.0012
13.11.2023 06:33:27.914 GMT-0800,328.194,327.94599999999997,0.0012,0.0012
13.11.2023 06:33:28.015 GMT-0800,328.163,328.007,0.0012,0.0012
13.11.2023 06:33:28.066 GMT-0800,328.194,328.006,0.0012,0.0012
13.11.2023 06:33:28.386 GMT-0800,328.184,328.006,0.0012,0.0012
13.11.2023 06:33:28.946 GMT-0800,328.19300000000004,328.007,0.0012,0.0012
13.11.2023 06:33:29.294 GMT-0800,328.18300000000005,328.007,0.0012,0.0012
13.11.2023 06:33:29.711 GMT-0800,328.13300000000004,328.007,0.0012,0.0012
13.11.2023 06:33:30.025 GMT-0800,328.184,328.006,0.0012,0.0012
13.11.2023 06:33:31.268 GMT-0800,328.19300000000004,328.007,0.0012,0.0012
13.11.2023 06:33:31.356 GMT-0800,328.184,328.006,0.0012,0.0012
13.11.2023 06:33:31.464 GMT-0800,328.153,328.007,0.0012,0.0012
13.11.2023 06:33:31.659 GMT-0800,328.16400000000004,328.006,0.0012,0.0012
13.11.2023 06:33:31.710 GMT-0800,328.144,328.006,0.0012,0.0012
13.11.2023 06:33:31.817 GMT-0800,328.06300000000005,327.897,0.0012,0.0012
13.11.2023 06:33:31.949 GMT-0800,328.124,327.906,0.0012,0.0012
13.11.2023 06:33:32.029 GMT-0800,328.04400000000004,327.896,0.0012,0.0012
13.11.2023 06:33:32.130 GMT-0800,328.00300000000004,327.81699999999995,0.0012,0.0012
13.11.2023 06:33:32.532 GMT-0800,327.934,327.816,0.0012,0.0012
13.11.2023 06:33:32.944 GMT-0800,328.004,327.816,0.0012,0.0012
13.11.2023 06:33:33.241 GMT-0800,327.99300000000005,327.81699999999995,0.0012,0.0012
13.11.2023 06:33:33.291 GMT-0800,328.00300000000004,327.81699999999995,0.0012,0.0012
13.11.2023 06:33:33.342 GMT-0800,327.994,327.786,0.0012,0.0012
13.11.2023 06:33:34.545 GMT-0800,328.00300000000004,327.787,0.0012,0.0012
13.11.2023 06:33:34.830 GMT-0800,327.973,327.787,0.0012,0.0012
13.11.2023 06:33:34.883 GMT-0800,328.00300000000004,327.787,0.0012,0.0012
13.11.2023 06:33:35.061 GMT-0800,327.964,327.786,0.0012,0.0012
13.11.2023 06:33:35.399 GMT-0800,328.00300000000004,327.787,0.0012,0.0012
13.11.2023 06:33:35.748 GMT-0800,327.994,327.786,0.0012,0.0012
13.11.2023 06:33:35.916 GMT-0800,327.954,327.786,0.0012,0.0012
13.11.2023 06:33:36.685 GMT-0800,327.98400000000004,327.786,0.0012,0.0012
13.11.2023 06:33:36.744 GMT-0800,327.95300000000003,327.787,0.0012,0.0012
13.11.2023 06:33:39.198 GMT-0800,327.93300000000005,327.787,0.0012,0.0012
13.11.2023 06:33:39.479 GMT-0800,327.94300000000004,327.787,0.0012,0.0012
13.11.2023 06:33:39.626 GMT-0800,327.954,327.786,0.0012,0.0012
13.11.2023 06:33:39.790 GMT-0800,327.944,327.786,0.0012,0.0012
13.11.2023 06:33:39.840 GMT-0800,327.954,327.786,0.0012,0.0012
13.11.2023 06:33:40.480 GMT-0800,327.944,327.786,0.0012,0.0012
13.11.2023 06:33:40.530 GMT-0800,327.95300000000003,327.787,0.0012,0.0012
13.11.2023 06:33:40.632 GMT-0800,327.944,327.786,0.0012,0.0012
13.11.2023 06:33:40.731 GMT-0800,327.95300000000003,327.787,0.0012,0.0012
13.11.2023 06:33:41.569 GMT-0800,327.944,327.786,0.0012,0.0012
13.11.2023 06:33:41.619 GMT-0800,327.95300000000003,327.787,0.0012,0.0012
13.11.2023 06:33:41.721 GMT-0800,327.944,327.786,0.0012,0.0012
13.11.2023 06:33:42.056 GMT-0800,327.91400000000004,327.786,0.0012,0.0012
13.11.2023 06:33:42.584 GMT-0800,327.88300000000004,327.787,0.0012,0.0012
13.11.2023 06:33:42.794 GMT-0800,327.86300000000006,327.787,0.0012,0.0012
13.11.2023 06:33:43.717 GMT-0800,327.85400000000004,327.786,0.0012,0.0012
13.11.2023 06:33:45.012 GMT-0800,327.954,327.816,0.0012,0.0012
13.11.2023 06:33:45.063 GMT-0800,327.92400000000004,327.786,0.0012,0.0012
13.11.2023 06:33:45.174 GMT-0800,327.954,327.786,0.0012,0.0012
13.11.2023 06:33:45.846 GMT-0800,327.954,327.796,0.0012,0.0012
13.11.2023 06:33:45.897 GMT-0800,327.95300000000003,327.787,0.0012,0.0012
13.11.2023 06:33:46.661 GMT-0800,327.95300000000003,327.81699999999995,0.0012,0.0012
13.11.2023 06:33:47.864 GMT-0800,327.92300000000006,327.81699999999995,0.0012,0.0012
13.11.2023 06:33:48.650 GMT-0800,327.913,327.81699999999995,0.0012,0.0012
13.11.2023 06:33:48.878 GMT-0800,327.894,327.816,0.0012,0.0012
13.11.2023 06:33:49.043 GMT-0800,327.844,327.716,0.0012,0.0012
13.11.2023 06:33:49.094 GMT-0800,327.853,327.637,0.0012,0.0012
13.11.2023 06:33:49.144 GMT-0800,327.80300000000005,327.637,0.0012,0.0012
13.11.2023 06:33:49.195 GMT-0800,327.85400000000004,327.63599999999997,0.0012,0.0012
13.11.2023 06:33:49.305 GMT-0800,327.86300000000006,327.637,0.0012,0.0012
13.11.2023 06:33:49.448 GMT-0800,327.87300000000005,327.637,0.0012,0.0012
13.11.2023 06:33:49.635 GMT-0800,327.86400000000003,327.63599999999997,0.0012,0.0012
13.11.2023 06:33:49.994 GMT-0800,327.76300000000003,327.637,0.0012,0.0012
13.11.2023 06:33:50.376 GMT-0800,327.754,327.63599999999997,0.0012,0.0012
13.11.2023 06:33:50.510 GMT-0800,327.723,327.65700000000004,0.0012,0.0012
13.11.2023 06:33:50.856 GMT-0800,327.713,327.637,0.0012,0.0012
13.11.2023 06:33:50.907 GMT-0800,327.754,327.656,0.0012,0.0012
13.11.2023 06:33:50.975 GMT-0800,327.76300000000003,327.65700000000004,0.0012,0.0012
13.11.2023 06:33:51.336 GMT-0800,327.714,327.656,0.0012,0.0012
13.11.2023 06:33:51.454 GMT-0800,327.764,327.656,0.0012,0.0012
13.11.2023 06:33:51.771 GMT-0800,327.76300000000003,327.587,0.0012,0.0012
13.11.2023 06:33:51.943 GMT-0800,327.86300000000006,327.607,0.0012,0.0012
13.11.2023 06:33:52.043 GMT-0800,327.874,327.666,0.0012,0.0012
13.11.2023 06:33:53.155 GMT-0800,327.86300000000006,327.66700000000003,0.0012,0.0012
13.11.2023 06:33:53.267 GMT-0800,327.874,327.666,0.0012,0.0012
13.11.2023 06:33:53.889 GMT-0800,327.86300000000006,327.66700000000003,0.0012,0.0012
13.11.2023 06:33:53.990 GMT-0800,327.764,327.666,0.0012,0.0012
13.11.2023 06:33:54.106 GMT-0800,327.82300000000004,327.66700000000003,0.0012,0.0012
13.11.2023 06:33:54.221 GMT-0800,327.86300000000006,327.697,0.0012,0.0012
13.11.2023 06:33:54.272 GMT-0800,327.95300000000003,327.80699999999996,0.0012,0.0012
13.11.2023 06:33:54.678 GMT-0800,327.91400000000004,327.806,0.0012,0.0012
13.11.2023 06:33:55.132 GMT-0800,327.95300000000003,327.80699999999996,0.0012,0.0012
13.11.2023 06:33:57.151 GMT-0800,327.944,327.806,0.0012,0.0012
13.11.2023 06:33:57.201 GMT-0800,327.954,327.806,0.0012,0.0012
13.11.2023 06:33:57.302 GMT-0800,327.944,327.806,0.0012,0.0012
13.11.2023 06:33:57.932 GMT-0800,328.004,327.866,0.0012,0.0012
13.11.2023 06:33:57.982 GMT-0800,328.04400000000004,327.776,0.0012,0.0012
13.11.2023 06:33:58.161 GMT-0800,328.033,327.777,0.0012,0.0012
13.11.2023 06:33:58.798 GMT-0800,327.963,327.68699999999995,0.0012,0.0012
13.11.2023 06:33:58.849 GMT-0800,327.98400000000004,327.676,0.0012,0.0012
13.11.2023 06:33:58.899 GMT-0800,327.98300000000006,327.68699999999995,0.0012,0.0012
13.11.2023 06:33:59.555 GMT-0800,327.994,327.686,0.0012,0.0012
13.11.2023 06:33:59.870 GMT-0800,327.98300000000006,327.68699999999995,0.0012,0.0012
13.11.2023 06:34:00.070 GMT-0800,327.994,327.686,0.0012,0.0012
13.11.2023 06:34:00.120 GMT-0800,327.98300000000006,327.68699999999995,0.0012,0.0012
13.11.2023 06:34:00.427 GMT-0800,327.99300000000005,327.68699999999995,0.0012,0.0012
13.11.2023 06:34:00.477 GMT-0800,327.98400000000004,327.686,0.0012,0.0012
13.11.2023 06:34:00.835 GMT-0800,327.994,327.686,0.0012,0.0012
13.11.2023 06:34:00.886 GMT-0800,327.97400000000005,327.686,0.0012,0.0012
13.11.2023 06:34:01.289 GMT-0800,327.834,327.676,0.0012,0.0012
13.11.2023 06:34:02.083 GMT-0800,327.82300000000004,327.65700000000004,0.0012,0.0012
13.11.2023 06:34:02.134 GMT-0800,327.79300000000006,327.647,0.0012,0.0012
13.11.2023 06:34:02.275 GMT-0800,327.754,327.646,0.0012,0.0012
13.11.2023 06:34:02.447 GMT-0800,327.723,327.647,0.0012,0.0012
13.11.2023 06:34:03.006 GMT-0800,327.76300000000003,327.647,0.0012,0.0012
13.11.2023 06:34:03.244 GMT-0800,327.78400000000005,327.646,0.0012,0.0012
13.11.2023 06:34:04.045 GMT-0800,327.744,327.646,0.0012,0.0012
13.11.2023 06:34:04.156 GMT-0800,327.723,327.647,0.0012,0.0012
13.11.2023 06:34:04.429 GMT-0800,327.713,327.647,0.0012,0.0012
13.11.2023 06:34:05.011 GMT-0800,327.714,327.586,0.0012,0.0012
13.11.2023 06:34:05.324 GMT-0800,327.714,327.616,0.0012,0.0012
13.11.2023 06:34:05.375 GMT-0800,327.72400000000005,327.596,0.0012,0.0012
13.11.2023 06:34:05.897 GMT-0800,327.713,327.59700000000004,0.0012,0.0012
13.11.2023 06:34:06.077 GMT-0800,327.723,327.59700000000004,0.0012,0.0012
13.11.2023 06:34:06.796 GMT-0800,327.73300000000006,327.59700000000004,0.0012,0.0012
13.11.2023 06:34:06.847 GMT-0800,327.903,327.68699999999995,0.0012,0.0012
13.11.2023 06:34:06.919 GMT-0800,327.89300000000003,327.68699999999995,0.0012,0.0012
13.11.2023 06:34:07.106 GMT-0800,327.904,327.686,0.0012,0.0012
13.11.2023 06:34:07.313 GMT-0800,327.904,327.69599999999997,0.0012,0.0012
13.11.2023 06:34:07.364 GMT-0800,327.91400000000004,327.69599999999997,0.0012,0.0012
13.11.2023 06:34:08.079 GMT-0800,327.89300000000003,327.697,0.0012,0.0012
13.11.2023 06:34:08.168 GMT-0800,327.903,327.697,0.0012,0.0012
13.11.2023 06:34:08.256 GMT-0800,327.89300000000003,327.697,0.0012,0.0012
13.11.2023 06:34:08.682 GMT-0800,327.80400000000003,327.69599999999997,0.0012,0.0012
13.11.2023 06:34:09.047 GMT-0800,327.79300000000006,327.697,0.0012,0.0012
13.11.2023 06:34:09.863 GMT-0800,327.75300000000004,327.677,0.0012,0.0012
13.11.2023 06:34:09.913 GMT-0800,327.78400000000005,327.676,0.0012,0.0012
13.11.2023 06:34:09.984 GMT-0800,327.79300000000006,327.677,0.0012,0.0012
13.11.2023 06:34:11.365 GMT-0800,327.76300000000003,327.567,0.0012,0.0012
13.11.2023 06:34:11.415 GMT-0800,327.754,327.566,0.0012,0.0012
13.11.2023 06:34:11.531 GMT-0800,327.713,327.567,0.0012,0.0012
13.11.2023 06:34:11.582 GMT-0800,327.723,327.567,0.0012,0.0012
13.11.2023 06:34:11.673 GMT-0800,327.714,327.566,0.0012,0.0012
13.11.2023 06:34:11.760 GMT-0800,327.72400000000005,327.566,0.0012,0.0012
13.11.2023 06:34:11.986 GMT-0800,327.714,327.566,0.0012,0.0012
13.11.2023 06:34:12.036 GMT-0800,327.723,327.567,0.0012,0.0012
13.11.2023 06:34:12.371 GMT-0800,327.714,327.566,0.0012,0.0012
13.11.2023 06:34:12.505 GMT-0800,327.723,327.567,0.0012,0.0012
13.11.2023 06:34:12.835 GMT-0800,327.713,327.567,0.0012,0.0012
13.11.2023 06:34:12.905 GMT-0800,327.723,327.567,0.0012,0.0012
13.11.2023 06:34:13.312 GMT-0800,327.623,327.527,0.0012,0.0012
13.11.2023 06:34:13.725 GMT-0800,327.584,327.506,0.0012,0.0012
13.11.2023 06:34:13.777 GMT-0800,327.673,327.507,0.0012,0.0012
13.11.2023 06:34:14.325 GMT-0800,327.594,327.506,0.0012,0.0012
13.11.2023 06:34:14.890 GMT-0800,327.574,327.506,0.0012,0.0012
13.11.2023 06:34:14.971 GMT-0800,327.634,327.516,0.0012,0.0012
13.11.2023 06:34:15.022 GMT-0800,327.633,327.507,0.0012,0.0012
13.11.2023 06:34:15.140 GMT-0800,327.573,327.507,0.0012,0.0012
13.11.2023 06:34:15.610 GMT-0800,327.563,327.507,0.0012,0.0012
13.11.2023 06:34:15.963 GMT-0800,327.533,327.507,0.0012,0.0012
13.11.2023 06:34:16.063 GMT-0800,327.523,327.457,0.0012,0.0012
13.11.2023 06:34:16.183 GMT-0800,327.573,327.447,0.0012,0.0012
13.11.2023 06:34:16.330 GMT-0800,327.573,327.457,0.0012,0.0012
13.11.2023 06:34:16.485 GMT-0800,327.563,327.457,0.0012,0.0012
13.11.2023 06:34:16.604 GMT-0800,327.55400000000003,327.456,0.0012,0.0012
13.11.2023 06:34:16.943 GMT-0800,327.42400000000004,327.336,0.0012,0.0012
13.11.2023 06:34:17.095 GMT-0800,327.514,327.336,0.0012,0.0012
13.11.2023 06:34:17.186 GMT-0800,327.413,327.337,0.0012,0.0012
13.11.2023 06:34:17.287 GMT-0800,327.36400000000003,327.19599999999997,0.0012,0.0012
13.11.2023 06:34:17.388 GMT-0800,327.35400000000004,327.206,0.0012,0.0012
13.11.2023 06:34:17.751 GMT-0800,327.353,327.137,0.0012,0.0012
13.11.2023 06:34:17.802 GMT-0800,327.343,327.137,0.0012,0.0012
13.11.2023 06:34:18.229 GMT-0800,327.334,327.186,0.0012,0.0012
13.11.2023 06:34:18.868 GMT-0800,327.333,327.137,0.0012,0.0012
13.11.2023 06:34:19.259 GMT-0800,327.333,327.197,0.0012,0.0012
13.11.2023 06:34:19.472 GMT-0800,327.323,327.197,0.0012,0.0012
13.11.2023 06:34:19.523 GMT-0800,327.333,327.197,0.0012,0.0012
13.11.2023 06:34:20.048 GMT-0800,327.323,327.197,0.0012,0.0012
13.11.2023 06:34:20.135 GMT-0800,327.334,327.19599999999997,0.0012,0.0012
13.11.2023 06:34:21.237 GMT-0800,327.334,327.216,0.0012,0.0012
13.11.2023 06:34:21.287 GMT-0800,327.334,327.19599999999997,0.0012,0.0012
13.11.2023 06:34:21.392 GMT-0800,327.323,327.197,0.0012,0.0012
13.11.2023 06:34:21.525 GMT-0800,327.333,327.197,0.0012,0.0012
13.11.2023 06:34:22.439 GMT-0800,327.303,327.197,0.0012,0.0012
13.11.2023 06:34:22.557 GMT-0800,327.30400000000003,327.156,0.0012,0.0012
13.11.2023 06:34:23.452 GMT-0800,327.35400000000004,327.156,0.0012,0.0012
13.11.2023 06:34:23.540 GMT-0800,327.35400000000004,327.096,0.0012,0.0012
13.11.2023 06:34:23.591 GMT-0800,327.363,327.09700000000004,0.0012,0.0012
13.11.2023 06:34:23.741 GMT-0800,327.363,327.107,0.0012,0.0012
13.11.2023 06:34:23.930 GMT-0800,327.36400000000003,327.206,0.0012,0.0012
13.11.2023 06:34:23.981 GMT-0800,327.363,327.107,0.0012,0.0012
13.11.2023 06:34:24.201 GMT-0800,327.36400000000003,327.176,0.0012,0.0012
13.11.2023 06:34:24.265 GMT-0800,327.393,327.177,0.0012,0.0012
13.11.2023 06:34:24.445 GMT-0800,327.423,327.16700000000003,0.0012,0.0012
13.11.2023 06:34:25.312 GMT-0800,327.423,327.177,0.0012,0.0012
13.11.2023 06:34:25.614 GMT-0800,327.423,327.16700000000003,0.0012,0.0012
13.11.2023 06:34:25.866 GMT-0800,327.42400000000004,327.176,0.0012,0.0012
13.11.2023 06:34:25.916 GMT-0800,327.493,327.21700000000004,0.0012,0.0012
13.11.2023 06:34:25.967 GMT-0800,327.423,327.21700000000004,0.0012,0.0012
13.11.2023 06:34:26.118 GMT-0800,327.473,327.307,0.0012,0.0012
13.11.2023 06:34:26.169 GMT-0800,327.513,327.22700000000003,0.0012,0.0012
13.11.2023 06:34:27.820 GMT-0800,327.503,327.22700000000003,0.0012,0.0012
13.11.2023 06:34:28.053 GMT-0800,327.494,327.226,0.0012,0.0012
13.11.2023 06:34:28.161 GMT-0800,327.483,327.22700000000003,0.0012,0.0012
13.11.2023 06:34:28.299 GMT-0800,327.494,327.226,0.0012,0.0012
13.11.2023 06:34:28.349 GMT-0800,327.483,327.22700000000003,0.0012,0.0012
13.11.2023 06:34:28.479 GMT-0800,327.494,327.226,0.0012,0.0012
13.11.2023 06:34:28.593 GMT-0800,327.494,327.236,0.0012,0.0012
13.11.2023 06:34:28.676 GMT-0800,327.494,327.226,0.0012,0.0012
13.11.2023 06:34:28.736 GMT-0800,327.483,327.22700000000003,0.0012,0.0012
13.11.2023 06:34:28.944 GMT-0800,327.48400000000004,327.176,0.0012,0.0012
13.11.2023 06:34:28.995 GMT-0800,327.423,327.16700000000003,0.0012,0.0012
13.11.2023 06:34:29.045 GMT-0800,327.423,327.147,0.0012,0.0012
13.11.2023 06:34:29.096 GMT-0800,327.42400000000004,327.206,0.0012,0.0012
13.11.2023 06:34:29.146 GMT-0800,327.444,327.186,0.0012,0.0012
13.11.2023 06:34:29.247 GMT-0800,327.443,327.16700000000003,0.0012,0.0012
13.11.2023 06:34:30.806 GMT-0800,327.444,327.206,0.0012,0.0012
13.11.2023 06:34:31.326 GMT-0800,327.42400000000004,327.206,0.0012,0.0012
13.11.2023 06:34:32.037 GMT-0800,327.413,327.207,0.0012,0.0012
13.11.2023 06:34:32.088 GMT-0800,327.443,327.207,0.0012,0.0012
13.11.2023 06:34:32.380 GMT-0800,327.444,327.186,0.0012,0.0012
13.11.2023 06:34:32.815 GMT-0800,327.444,327.166,0.0012,0.0012
13.11.2023 06:34:33.955 GMT-0800,327.443,327.28700000000003,0.0012,0.0012
13.11.2023 06:34:34.006 GMT-0800,327.574,327.346,0.0012,0.0012
13.11.2023 06:34:34.079 GMT-0800,327.564,327.346,0.0012,0.0012
13.11.2023 06:34:34.133 GMT-0800,327.573,327.34700000000004,0.0012,0.0012
13.11.2023 06:34:34.759 GMT-0800,327.574,327.396,0.0012,0.0012
13.11.2023 06:34:34.810 GMT-0800,327.574,327.316,0.0012,0.0012
13.11.2023 06:34:34.874 GMT-0800,327.573,327.327,0.0012,0.0012
13.11.2023 06:34:34.940 GMT-0800,327.663,327.327,0.0012,0.0012
13.11.2023 06:34:34.994 GMT-0800,327.66400000000004,327.426,0.0012,0.0012
13.11.2023 06:34:35.925 GMT-0800,327.593,327.427,0.0012,0.0012
13.11.2023 06:34:35.975 GMT-0800,327.663,327.427,0.0012,0.0012
13.11.2023 06:34:36.797 GMT-0800,327.67400000000004,327.426,0.0012,0.0012
13.11.2023 06:34:37.454 GMT-0800,327.67400000000004,327.32599999999996,0.0012,0.0012
13.11.2023 06:34:37.504 GMT-0800,327.643,327.447,0.0012,0.0012
13.11.2023 06:34:37.708 GMT-0800,327.634,327.44599999999997,0.0012,0.0012
13.11.2023 06:34:37.831 GMT-0800,327.623,327.447,0.0012,0.0012
13.11.2023 06:34:37.897 GMT-0800,327.67400000000004,327.44599999999997,0.0012,0.0012
13.11.2023 06:34:37.988 GMT-0800,327.643,327.447,0.0012,0.0012
13.11.2023 06:34:38.039 GMT-0800,327.67400000000004,327.44599999999997,0.0012,0.0012
13.11.2023 06:34:38.111 GMT-0800,327.633,327.447,0.0012,0.0012
13.11.2023 06:34:38.162 GMT-0800,327.644,327.44599999999997,0.0012,0.0012
13.11.2023 06:34:38.215 GMT-0800,327.633,327.447,0.0012,0.0012
13.11.2023 06:34:38.266 GMT-0800,327.653,327.447,0.0012,0.0012
13.11.2023 06:34:38.478 GMT-0800,327.634,327.44599999999997,0.0012,0.0012
13.11.2023 06:34:38.528 GMT-0800,327.653,327.447,0.0012,0.0012
13.11.2023 06:34:38.662 GMT-0800,327.633,327.447,0.0012,0.0012
13.11.2023 06:34:38.790 GMT-0800,327.654,327.44599999999997,0.0012,0.0012
13.11.2023 06:34:38.841 GMT-0800,327.643,327.447,0.0012,0.0012
13.11.2023 06:34:38.935 GMT-0800,327.654,327.44599999999997,0.0012,0.0012
13.11.2023 06:34:39.480 GMT-0800,327.593,327.447,0.0012,0.0012
13.11.2023 06:34:41.335 GMT-0800,327.583,327.447,0.0012,0.0012
13.11.2023 06:34:41.419 GMT-0800,327.613,327.447,0.0012,0.0012
13.11.2023 06:34:41.528 GMT-0800,327.564,327.44599999999997,0.0012,0.0012
13.11.2023 06:34:41.989 GMT-0800,327.553,327.447,0.0012,0.0012
13.11.2023 06:34:42.251 GMT-0800,327.513,327.397,0.0012,0.0012
13.11.2023 06:34:42.352 GMT-0800,327.47400000000005,327.286,0.0012,0.0012
13.11.2023 06:34:42.633 GMT-0800,327.473,327.267,0.0012,0.0012
13.11.2023 06:34:43.364 GMT-0800,327.47400000000005,327.276,0.0012,0.0012
13.11.2023 06:34:43.486 GMT-0800,327.48400000000004,327.276,0.0012,0.0012
13.11.2023 06:34:43.575 GMT-0800,327.47400000000005,327.276,0.0012,0.0012
13.11.2023 06:34:43.793 GMT-0800,327.423,327.277,0.0012,0.0012
13.11.2023 06:34:44.100 GMT-0800,327.423,327.267,0.0012,0.0012
13.11.2023 06:34:44.540 GMT-0800,327.42400000000004,327.276,0.0012,0.0012
13.11.2023 06:34:44.795 GMT-0800,327.403,327.277,0.0012,0.0012
13.11.2023 06:34:44.846 GMT-0800,327.413,327.277,0.0012,0.0012
13.11.2023 06:34:45.052 GMT-0800,327.42400000000004,327.276,0.0012,0.0012
13.11.2023 06:34:45.226 GMT-0800,327.423,327.267,0.0012,0.0012
13.11.2023 06:34:45.645 GMT-0800,327.36400000000003,327.266,0.0012,0.0012
13.11.2023 06:34:45.926 GMT-0800,327.36400000000003,327.306,0.0012,0.0012
13.11.2023 06:34:46.027 GMT-0800,327.333,327.307,0.0012,0.0012
13.11.2023 06:34:46.078 GMT-0800,327.323,327.177,0.0012,0.0012
13.11.2023 06:34:46.146 GMT-0800,327.393,327.177,0.0012,0.0012
13.11.2023 06:34:46.254 GMT-0800,327.28400000000005,327.176,0.0012,0.0012
13.11.2023 06:34:46.305 GMT-0800,327.36400000000003,327.176,0.0012,0.0012
13.11.2023 06:34:46.483 GMT-0800,327.343,327.177,0.0012,0.0012
13.11.2023 06:34:46.534 GMT-0800,327.363,327.177,0.0012,0.0012
13.11.2023 06:34:46.707 GMT-0800,327.333,327.177,0.0012,0.0012
13.11.2023 06:34:47.223 GMT-0800,327.36400000000003,327.176,0.0012,0.0012
13.11.2023 06:34:47.281 GMT-0800,327.333,327.177,0.0012,0.0012
13.11.2023 06:34:47.332 GMT-0800,327.36400000000003,327.176,0.0012,0.0012
13.11.2023 06:34:48.474 GMT-0800,327.324,327.176,0.0012,0.0012
13.11.2023 06:34:49.446 GMT-0800,327.324,327.186,0.0012,0.0012
13.11.2023 06:34:49.596 GMT-0800,327.323,327.177,0.0012,0.0012
13.11.2023 06:34:49.837 GMT-0800,327.323,327.187,0.0012,0.0012
13.11.2023 06:34:49.941 GMT-0800,327.423,327.247,0.0012,0.0012
13.11.2023 06:34:50.301 GMT-0800,327.423,327.187,0.0012,0.0012
13.11.2023 06:34:50.731 GMT-0800,327.423,327.257,0.0012,0.0012
13.11.2023 06:34:50.912 GMT-0800,327.36400000000003,327.256,0.0012,0.0012
13.11.2023 06:34:51.088 GMT-0800,327.334,327.256,0.0012,0.0012
13.11.2023 06:34:51.216 GMT-0800,327.324,327.256,0.0012,0.0012
13.11.2023 06:34:51.367 GMT-0800,327.283,327.257,0.0012,0.0012
13.11.2023 06:34:51.500 GMT-0800,327.273,327.187,0.0012,0.0012
13.11.2023 06:34:51.551 GMT-0800,327.394,327.186,0.0012,0.0012
13.11.2023 06:34:51.601 GMT-0800,327.314,327.186,0.0012,0.0012
13.11.2023 06:34:51.750 GMT-0800,327.393,327.187,0.0012,0.0012
13.11.2023 06:34:51.854 GMT-0800,327.403,327.187,0.0012,0.0012
13.11.2023 06:34:51.997 GMT-0800,327.42400000000004,327.186,0.0012,0.0012
13.11.2023 06:34:52.605 GMT-0800,327.394,327.186,0.0012,0.0012
13.11.2023 06:34:52.786 GMT-0800,327.383,327.187,0.0012,0.0012
13.11.2023 06:34:53.954 GMT-0800,327.29400000000004,327.186,0.0012,0.0012
13.11.2023 06:34:54.388 GMT-0800,327.384,327.186,0.0012,0.0012
13.11.2023 06:34:54.882 GMT-0800,327.393,327.187,0.0012,0.0012
13.11.2023 06:34:54.932 GMT-0800,327.383,327.197,0.0012,0.0012
13.11.2023 06:34:55.095 GMT-0800,327.394,327.19599999999997,0.0012,0.0012
13.11.2023 06:34:55.194 GMT-0800,327.383,327.197,0.0012,0.0012
13.11.2023 06:34:55.428 GMT-0800,327.394,327.19599999999997,0.0012,0.0012
13.11.2023 06:34:55.658 GMT-0800,327.384,327.19599999999997,0.0012,0.0012
13.11.2023 06:34:55.773 GMT-0800,327.383,327.187,0.0012,0.0012
13.11.2023 06:34:55.956 GMT-0800,327.42400000000004,327.19599999999997,0.0012,0.0012
13.11.2023 06:34:56.007 GMT-0800,327.423,327.177,0.0012,0.0012
13.11.2023 06:34:56.057 GMT-0800,327.343,327.15700000000004,0.0012,0.0012
13.11.2023 06:34:57.341 GMT-0800,327.334,327.186,0.0012,0.0012
13.11.2023 06:34:57.448 GMT-0800,327.334,327.246,0.0012,0.0012
13.11.2023 06:34:58.158 GMT-0800,327.333,327.257,0.0012,0.0012
13.11.2023 06:34:58.379 GMT-0800,327.313,327.257,0.0012,0.0012
13.11.2023 06:34:58.563 GMT-0800,327.303,327.257,0.0012,0.0012
13.11.2023 06:34:58.813 GMT-0800,327.283,327.177,0.0012,0.0012
13.11.2023 06:34:58.864 GMT-0800,327.283,327.147,0.0012,0.0012
13.11.2023 06:34:59.028 GMT-0800,327.22400000000005,327.146,0.0012,0.0012
13.11.2023 06:34:59.173 GMT-0800,327.22400000000005,327.036,0.0012,0.0012
13.11.2023 06:35:00.188 GMT-0800,327.17400000000004,327.036,0.0012,0.0012
13.11.2023 06:35:00.324 GMT-0800,327.173,327.027,0.0012,0.0012
13.11.2023 06:35:00.374 GMT-0800,327.103,327.027,0.0012,0.0012
13.11.2023 06:35:00.732 GMT-0800,327.094,327.026,0.0012,0.0012
13.11.2023 06:35:00.918 GMT-0800,327.084,326.956,0.0012,0.0012
13.11.2023 06:35:00.998 GMT-0800,327.154,326.956,0.0012,0.0012
13.11.2023 06:35:01.048 GMT-0800,327.173,327.03700000000003,0.0012,0.0012
13.11.2023 06:35:01.099 GMT-0800,327.173,326.957,0.0012,0.0012
13.11.2023 06:35:01.167 GMT-0800,327.153,326.957,0.0012,0.0012
13.11.2023 06:35:01.343 GMT-0800,327.05400000000003,326.956,0.0012,0.0012
13.11.2023 06:35:01.394 GMT-0800,327.153,326.957,0.0012,0.0012
13.11.2023 06:35:01.999 GMT-0800,327.16400000000004,326.956,0.0012,0.0012
13.11.2023 06:35:02.050 GMT-0800,327.17400000000004,326.956,0.0012,0.0012
13.11.2023 06:35:02.686 GMT-0800,327.103,326.957,0.0012,0.0012
13.11.2023 06:35:02.787 GMT-0800,327.073,326.957,0.0012,0.0012
13.11.2023 06:35:02.888 GMT-0800,327.04400000000004,326.94599999999997,0.0012,0.0012
13.11.2023 06:35:02.989 GMT-0800,327.154,326.94599999999997,0.0012,0.0012
13.11.2023 06:35:03.104 GMT-0800,327.144,326.94599999999997,0.0012,0.0012
13.11.2023 06:35:03.154 GMT-0800,327.153,326.947,0.0012,0.0012
13.11.2023 06:35:03.693 GMT-0800,327.223,326.947,0.0012,0.0012
13.11.2023 06:35:04.161 GMT-0800,327.223,326.997,0.0012,0.0012
13.11.2023 06:35:04.751 GMT-0800,327.223,327.007,0.0012,0.0012
13.11.2023 06:35:04.942 GMT-0800,327.213,327.007,0.0012,0.0012
13.11.2023 06:35:04.993 GMT-0800,327.22400000000005,326.996,0.0012,0.0012
13.11.2023 06:35:05.137 GMT-0800,327.22400000000005,327.006,0.0012,0.0012
13.11.2023 06:35:05.303 GMT-0800,327.223,327.107,0.0012,0.0012
13.11.2023 06:35:05.354 GMT-0800,327.274,327.066,0.0012,0.0012
13.11.2023 06:35:05.423 GMT-0800,327.254,327.066,0.0012,0.0012
13.11.2023 06:35:05.559 GMT-0800,327.243,327.027,0.0012,0.0012
13.11.2023 06:35:05.657 GMT-0800,327.22400000000005,327.026,0.0012,0.0012
13.11.2023 06:35:05.809 GMT-0800,327.214,326.996,0.0012,0.0012
13.11.2023 06:35:05.860 GMT-0800,327.203,326.997,0.0012,0.0012
13.11.2023 06:35:06.515 GMT-0800,327.184,326.996,0.0012,0.0012
13.11.2023 06:35:06.566 GMT-0800,327.194,326.996,0.0012,0.0012
13.11.2023 06:35:06.710 GMT-0800,327.204,326.996,0.0012,0.0012
13.11.2023 06:35:06.909 GMT-0800,327.204,327.046,0.0012,0.0012
13.11.2023 06:35:06.966 GMT-0800,327.254,326.996,0.0012,0.0012
13.11.2023 06:35:07.027 GMT-0800,327.243,326.997,0.0012,0.0012
13.11.2023 06:35:07.105 GMT-0800,327.253,326.997,0.0012,0.0012
13.11.2023 06:35:07.389 GMT-0800,327.244,326.996,0.0012,0.0012
13.11.2023 06:35:07.726 GMT-0800,327.253,326.997,0.0012,0.0012
13.11.2023 06:35:07.776 GMT-0800,327.254,327.006,0.0012,0.0012
13.11.2023 06:35:07.940 GMT-0800,327.274,327.086,0.0012,0.0012
13.11.2023 06:35:08.476 GMT-0800,327.263,327.087,0.0012,0.0012
13.11.2023 06:35:08.660 GMT-0800,327.254,327.086,0.0012,0.0012
13.11.2023 06:35:08.810 GMT-0800,327.244,327.086,0.0012,0.0012
13.11.2023 06:35:08.995 GMT-0800,327.254,327.086,0.0012,0.0012
13.11.2023 06:35:09.112 GMT-0800,327.263,327.087,0.0012,0.0012
13.11.2023 06:35:09.951 GMT-0800,327.274,327.086,0.0012,0.0012
13.11.2023 06:35:10.107 GMT-0800,327.263,327.087,0.0012,0.0012
13.11.2023 06:35:10.158 GMT-0800,327.274,327.086,0.0012,0.0012
13.11.2023 06:35:10.223 GMT-0800,327.22400000000005,327.086,0.0012,0.0012
13.11.2023 06:35:10.274 GMT-0800,327.263,327.087,0.0012,0.0012
13.11.2023 06:35:10.398 GMT-0800,327.273,327.087,0.0012,0.0012
13.11.2023 06:35:10.668 GMT-0800,327.264,327.086,0.0012,0.0012
13.11.2023 06:35:10.767 GMT-0800,327.274,327.086,0.0012,0.0012
13.11.2023 06:35:10.876 GMT-0800,327.263,327.087,0.0012,0.0012
13.11.2023 06:35:10.978 GMT-0800,327.273,327.087,0.0012,0.0012
13.11.2023 06:35:11.367 GMT-0800,327.263,327.087,0.0012,0.0012
13.11.2023 06:35:11.523 GMT-0800,327.273,327.087,0.0012,0.0012
13.11.2023 06:35:11.622 GMT-0800,327.264,327.086,0.0012,0.0012
13.11.2023 06:35:12.659 GMT-0800,327.254,327.086,0.0012,0.0012
13.11.2023 06:35:12.710 GMT-0800,327.244,326.996,0.0012,0.0012
13.11.2023 06:35:12.761 GMT-0800,327.143,326.997,0.0012,0.0012
13.11.2023 06:35:12.862 GMT-0800,327.094,326.996,0.0012,0.0012
13.11.2023 06:35:13.095 GMT-0800,327.083,326.997,0.0012,0.0012
13.11.2023 06:35:15.171 GMT-0800,327.073,326.997,0.0012,0.0012
13.11.2023 06:35:16.458 GMT-0800,327.064,326.996,0.0012,0.0012
13.11.2023 06:35:16.509 GMT-0800,327.073,326.997,0.0012,0.0012
13.11.2023 06:35:16.610 GMT-0800,327.064,326.996,0.0012,0.0012
13.11.2023 06:35:16.856 GMT-0800,327.063,327.007,0.0012,0.0012
13.11.2023 06:35:16.907 GMT-0800,327.063,326.997,0.0012,0.0012
13.11.2023 06:35:16.958 GMT-0800,327.05400000000003,326.976,0.0012,0.0012
13.11.2023 06:35:18.015 GMT-0800,327.084,326.986,0.0012,0.0012
13.11.2023 06:35:18.370 GMT-0800,327.203,326.987,0.0012,0.0012
13.11.2023 06:35:18.599 GMT-0800,327.204,326.976,0.0012,0.0012
13.11.2023 06:35:18.658 GMT-0800,327.204,326.986,0.0012,0.0012
13.11.2023 06:35:19.573 GMT-0800,327.194,327.006,0.0012,0.0012
13.11.2023 06:35:19.682 GMT-0800,327.203,327.007,0.0012,0.0012
13.11.2023 06:35:20.099 GMT-0800,327.193,327.007,0.0012,0.0012
13.11.2023 06:35:20.424 GMT-0800,327.204,327.006,0.0012,0.0012
13.11.2023 06:35:20.532 GMT-0800,327.193,327.007,0.0012,0.0012
13.11.2023 06:35:20.902 GMT-0800,327.10400000000004,326.976,0.0012,0.0012
13.11.2023 06:35:20.952 GMT-0800,327.123,326.927,0.0012,0.0012
13.11.2023 06:35:21.304 GMT-0800,326.994,326.866,0.0012,0.0012
13.11.2023 06:35:21.354 GMT-0800,327.133,326.867,0.0012,0.0012
13.11.2023 06:35:21.412 GMT-0800,327.123,326.867,0.0012,0.0012
13.11.2023 06:35:21.880 GMT-0800,327.103,326.867,0.0012,0.0012
13.11.2023 06:35:22.236 GMT-0800,327.094,326.866,0.0012,0.0012
13.11.2023 06:35:22.682 GMT-0800,327.093,326.857,0.0012,0.0012
13.11.2023 06:35:22.834 GMT-0800,327.143,326.857,0.0012,0.0012
13.11.2023 06:35:22.885 GMT-0800,327.084,326.856,0.0012,0.0012
13.11.2023 06:35:23.393 GMT-0800,327.093,326.857,0.0012,0.0012
13.11.2023 06:35:23.443 GMT-0800,327.063,326.857,0.0012,0.0012
13.11.2023 06:35:23.546 GMT-0800,327.04400000000004,326.856,0.0012,0.0012
13.11.2023 06:35:23.597 GMT-0800,327.144,326.916,0.0012,0.0012
13.11.2023 06:35:23.842 GMT-0800,327.134,326.856,0.0012,0.0012
13.11.2023 06:35:24.350 GMT-0800,327.064,326.856,0.0012,0.0012
13.11.2023 06:35:24.592 GMT-0800,327.064,326.866,0.0012,0.0012
13.11.2023 06:35:24.722 GMT-0800,327.064,326.856,0.0012,0.0012
13.11.2023 06:35:24.981 GMT-0800,327.063,326.867,0.0012,0.0012
13.11.2023 06:35:25.085 GMT-0800,327.133,326.947,0.0012,0.0012
13.11.2023 06:35:25.135 GMT-0800,327.134,326.936,0.0012,0.0012
13.11.2023 06:35:25.241 GMT-0800,327.134,326.866,0.0012,0.0012
13.11.2023 06:35:25.576 GMT-0800,327.133,326.857,0.0012,0.0012
13.11.2023 06:35:25.665 GMT-0800,327.133,326.867,0.0012,0.0012
13.11.2023 06:35:26.314 GMT-0800,327.133,327.017,0.0012,0.0012
13.11.2023 06:35:26.983 GMT-0800,327.133,326.91700000000003,0.0012,0.0012
13.11.2023 06:35:27.491 GMT-0800,327.073,326.84700000000004,0.0012,0.0012
13.11.2023 06:35:27.571 GMT-0800,327.073,326.867,0.0012,0.0012
13.11.2023 06:35:28.847 GMT-0800,327.203,326.987,0.0012,0.0012
13.11.2023 06:35:28.898 GMT-0800,327.16400000000004,326.986,0.0012,0.0012
13.11.2023 06:35:29.414 GMT-0800,327.154,326.896,0.0012,0.0012
13.11.2023 06:35:29.540 GMT-0800,327.084,326.896,0.0012,0.0012
13.11.2023 06:35:29.952 GMT-0800,327.074,326.856,0.0012,0.0012
13.11.2023 06:35:30.077 GMT-0800,326.97400000000005,326.846,0.0012,0.0012
13.11.2023 06:35:30.128 GMT-0800,327.023,326.84700000000004,0.0012,0.0012
13.11.2023 06:35:30.318 GMT-0800,326.98400000000004,326.846,0.0012,0.0012
13.11.2023 06:35:30.424 GMT-0800,326.993,326.84700000000004,0.0012,0.0012
13.11.2023 06:35:30.577 GMT-0800,326.993,326.877,0.0012,0.0012
13.11.2023 06:35:30.628 GMT-0800,327.023,326.877,0.0012,0.0012
13.11.2023 06:35:30.679 GMT-0800,327.053,326.877,0.0012,0.0012
13.11.2023 06:35:31.437 GMT-0800,327.084,326.866,0.0012,0.0012
13.11.2023 06:35:31.615 GMT-0800,327.084,326.846,0.0012,0.0012
13.11.2023 06:35:31.803 GMT-0800,327.084,326.906,0.0012,0.0012
13.11.2023 06:35:32.213 GMT-0800,327.094,326.906,0.0012,0.0012
13.11.2023 06:35:34.712 GMT-0800,327.063,326.90700000000004,0.0012,0.0012
13.11.2023 06:35:35.147 GMT-0800,327.05400000000003,326.906,0.0012,0.0012
13.11.2023 06:35:35.280 GMT-0800,327.063,326.90700000000004,0.0012,0.0012
13.11.2023 06:35:35.594 GMT-0800,327.003,326.877,0.0012,0.0012
13.11.2023 06:35:35.648 GMT-0800,327.003,326.817,0.0012,0.0012
13.11.2023 06:35:35.698 GMT-0800,327.003,326.877,0.0012,0.0012
13.11.2023 06:35:36.277 GMT-0800,326.993,326.877,0.0012,0.0012
13.11.2023 06:35:36.327 GMT-0800,327.003,326.877,0.0012,0.0012
13.11.2023 06:35:36.452 GMT-0800,326.92400000000004,326.866,0.0012,0.0012
13.11.2023 06:35:36.503 GMT-0800,327.003,326.807,0.0012,0.0012
13.11.2023 06:35:36.601 GMT-0800,327.003,326.84700000000004,0.0012,0.0012
13.11.2023 06:35:37.323 GMT-0800,327.013,326.867,0.0012,0.0012
13.11.2023 06:35:37.465 GMT-0800,327.014,326.876,0.0012,0.0012
13.11.2023 06:35:37.516 GMT-0800,327.064,326.876,0.0012,0.0012
13.11.2023 06:35:37.992 GMT-0800,326.973,326.877,0.0012,0.0012
13.11.2023 06:35:38.207 GMT-0800,326.973,326.887,0.0012,0.0012
13.11.2023 06:35:39.287 GMT-0800,327.083,326.937,0.0012,0.0012
13.11.2023 06:35:39.388 GMT-0800,327.074,326.88599999999997,0.0012,0.0012
13.11.2023 06:35:39.709 GMT-0800,327.073,326.837,0.0012,0.0012
13.11.2023 06:35:39.760 GMT-0800,327.074,326.956,0.0012,0.0012
13.11.2023 06:35:41.770 GMT-0800,327.043,326.957,0.0012,0.0012
13.11.2023 06:35:42.586 GMT-0800,327.074,326.966,0.0012,0.0012
13.11.2023 06:35:42.678 GMT-0800,327.093,327.007,0.0012,0.0012
13.11.2023 06:35:44.107 GMT-0800,327.043,326.957,0.0012,0.0012
13.11.2023 06:35:44.500 GMT-0800,327.024,326.956,0.0012,0.0012
13.11.2023 06:35:44.551 GMT-0800,327.03400000000005,326.956,0.0012,0.0012
13.11.2023 06:35:44.999 GMT-0800,327.064,326.956,0.0012,0.0012
13.11.2023 06:35:45.162 GMT-0800,327.154,326.956,0.0012,0.0012
13.11.2023 06:35:46.093 GMT-0800,327.153,326.96700000000004,0.0012,0.0012
13.11.2023 06:35:46.742 GMT-0800,327.143,326.96700000000004,0.0012,0.0012
13.11.2023 06:35:47.047 GMT-0800,327.073,326.96700000000004,0.0012,0.0012
13.11.2023 06:35:47.735 GMT-0800,327.154,326.976,0.0012,0.0012
13.11.2023 06:35:47.857 GMT-0800,327.154,327.036,0.0012,0.0012
13.11.2023 06:35:48.128 GMT-0800,327.113,327.03700000000003,0.0012,0.0012
13.11.2023 06:35:48.579 GMT-0800,327.103,327.03700000000003,0.0012,0.0012
13.11.2023 06:35:49.027 GMT-0800,327.154,327.046,0.0012,0.0012
13.11.2023 06:35:49.078 GMT-0800,327.153,327.03700000000003,0.0012,0.0012
13.11.2023 06:35:50.546 GMT-0800,327.154,327.046,0.0012,0.0012
13.11.2023 06:35:50.649 GMT-0800,327.204,327.046,0.0012,0.0012
13.11.2023 06:35:50.887 GMT-0800,327.134,327.046,0.0012,0.0012
13.11.2023 06:35:51.737 GMT-0800,327.124,327.046,0.0012,0.0012
13.11.2023 06:35:52.852 GMT-0800,327.11400000000003,327.046,0.0012,0.0012
13.11.2023 06:35:53.803 GMT-0800,327.203,327.077,0.0012,0.0012
13.11.2023 06:35:54.076 GMT-0800,327.193,327.067,0.0012,0.0012
13.11.2023 06:35:54.349 GMT-0800,327.193,327.047,0.0012,0.0012
13.11.2023 06:35:54.399 GMT-0800,327.194,327.056,0.0012,0.0012
13.11.2023 06:35:54.993 GMT-0800,327.193,327.047,0.0012,0.0012
13.11.2023 06:35:55.603 GMT-0800,327.133,327.047,0.0012,0.0012
13.11.2023 06:35:55.807 GMT-0800,327.043,326.937,0.0012,0.0012
13.11.2023 06:35:55.908 GMT-0800,327.123,326.927,0.0012,0.0012
13.11.2023 06:35:55.968 GMT-0800,327.124,326.966,0.0012,0.0012
13.11.2023 06:35:56.019 GMT-0800,327.113,326.927,0.0012,0.0012
13.11.2023 06:35:56.070 GMT-0800,327.124,326.926,0.0012,0.0012
13.11.2023 06:36:00.157 GMT-0800,327.11400000000003,326.926,0.0012,0.0012
13.11.2023 06:36:00.562 GMT-0800,326.973,326.927,0.0012,0.0012
13.11.2023 06:36:00.613 GMT-0800,327.10400000000004,326.896,0.0012,0.0012
13.11.2023 06:36:00.748 GMT-0800,326.98400000000004,326.896,0.0012,0.0012
13.11.2023 06:36:01.068 GMT-0800,327.10400000000004,326.896,0.0012,0.0012
13.11.2023 06:36:01.119 GMT-0800,327.103,326.90700000000004,0.0012,0.0012
13.11.2023 06:36:01.221 GMT-0800,327.093,326.90700000000004,0.0012,0.0012
13.11.2023 06:36:01.488 GMT-0800,327.10400000000004,326.906,0.0012,0.0012
13.11.2023 06:36:01.587 GMT-0800,327.093,326.90700000000004,0.0012,0.0012
13.11.2023 06:36:01.823 GMT-0800,326.993,326.897,0.0012,0.0012
13.11.2023 06:36:01.873 GMT-0800,326.993,326.887,0.0012,0.0012
13.11.2023 06:36:01.924 GMT-0800,326.923,326.797,0.0012,0.0012
13.11.2023 06:36:01.975 GMT-0800,326.963,326.867,0.0012,0.0012
13.11.2023 06:36:02.135 GMT-0800,326.983,326.867,0.0012,0.0012
13.11.2023 06:36:02.485 GMT-0800,327.123,326.947,0.0012,0.0012
13.11.2023 06:36:02.636 GMT-0800,327.11400000000003,326.94599999999997,0.0012,0.0012
13.11.2023 06:36:02.997 GMT-0800,327.124,326.94599999999997,0.0012,0.0012
13.11.2023 06:36:03.172 GMT-0800,327.053,326.90700000000004,0.0012,0.0012
13.11.2023 06:36:03.223 GMT-0800,327.003,326.797,0.0012,0.0012
13.11.2023 06:36:03.452 GMT-0800,327.004,326.806,0.0012,0.0012
13.11.2023 06:36:03.765 GMT-0800,326.963,326.807,0.0012,0.0012
13.11.2023 06:36:03.978 GMT-0800,326.964,326.816,0.0012,0.0012
13.11.2023 06:36:04.028 GMT-0800,326.964,326.806,0.0012,0.0012
13.11.2023 06:36:04.225 GMT-0800,326.963,326.817,0.0012,0.0012
13.11.2023 06:36:04.376 GMT-0800,326.953,326.817,0.0012,0.0012
13.11.2023 06:36:04.544 GMT-0800,326.953,326.827,0.0012,0.0012
13.11.2023 06:36:04.645 GMT-0800,326.953,326.817,0.0012,0.0012
13.11.2023 06:36:05.386 GMT-0800,326.944,326.816,0.0012,0.0012
13.11.2023 06:36:06.569 GMT-0800,326.963,326.827,0.0012,0.0012
13.11.2023 06:36:06.620 GMT-0800,327.053,326.827,0.0012,0.0012
13.11.2023 06:36:06.674 GMT-0800,327.043,326.827,0.0012,0.0012
13.11.2023 06:36:07.721 GMT-0800,326.954,326.82599999999996,0.0012,0.0012
13.11.2023 06:36:08.235 GMT-0800,327.04400000000004,326.82599999999996,0.0012,0.0012
13.11.2023 06:36:08.738 GMT-0800,327.04400000000004,326.816,0.0012,0.0012
13.11.2023 06:36:08.789 GMT-0800,327.05400000000003,326.82599999999996,0.0012,0.0012
13.11.2023 06:36:08.888 GMT-0800,327.05400000000003,326.816,0.0012,0.0012
13.11.2023 06:36:09.727 GMT-0800,327.05400000000003,326.82599999999996,0.0012,0.0012
13.11.2023 06:36:09.963 GMT-0800,327.05400000000003,326.836,0.0012,0.0012
13.11.2023 06:36:10.083 GMT-0800,327.053,326.827,0.0012,0.0012
13.11.2023 06:36:10.134 GMT-0800,327.04400000000004,326.82599999999996,0.0012,0.0012
13.11.2023 06:36:10.555 GMT-0800,327.053,326.827,0.0012,0.0012
13.11.2023 06:36:10.657 GMT-0800,327.04400000000004,326.82599999999996,0.0012,0.0012
13.11.2023 06:36:10.970 GMT-0800,326.843,326.777,0.0012,0.0012
13.11.2023 06:36:11.309 GMT-0800,326.893,326.777,0.0012,0.0012
13.11.2023 06:36:11.371 GMT-0800,326.85400000000004,326.776,0.0012,0.0012
13.11.2023 06:36:11.643 GMT-0800,326.834,326.746,0.0012,0.0012
13.11.2023 06:36:11.694 GMT-0800,326.823,326.677,0.0012,0.0012
13.11.2023 06:36:11.752 GMT-0800,326.894,326.676,0.0012,0.0012
13.11.2023 06:36:13.759 GMT-0800,326.78400000000005,326.566,0.0012,0.0012
13.11.2023 06:36:13.810 GMT-0800,326.893,326.627,0.0012,0.0012
13.11.2023 06:36:13.985 GMT-0800,326.893,326.637,0.0012,0.0012
13.11.2023 06:36:14.066 GMT-0800,326.894,326.626,0.0012,0.0012
13.11.2023 06:36:14.344 GMT-0800,326.893,326.647,0.0012,0.0012
13.11.2023 06:36:14.491 GMT-0800,326.86400000000003,326.646,0.0012,0.0012
13.11.2023 06:36:14.872 GMT-0800,326.893,326.65700000000004,0.0012,0.0012
13.11.2023 06:36:15.011 GMT-0800,326.893,326.707,0.0012,0.0012
13.11.2023 06:36:15.062 GMT-0800,326.993,326.71700000000004,0.0012,0.0012
13.11.2023 06:36:15.140 GMT-0800,326.994,326.656,0.0012,0.0012
13.11.2023 06:36:15.190 GMT-0800,326.993,326.677,0.0012,0.0012
13.11.2023 06:36:15.333 GMT-0800,326.934,326.686,0.0012,0.0012
13.11.2023 06:36:15.995 GMT-0800,326.934,326.646,0.0012,0.0012
13.11.2023 06:36:16.045 GMT-0800,326.934,326.706,0.0012,0.0012
13.11.2023 06:36:16.345 GMT-0800,326.933,326.84700000000004,0.0012,0.0012
13.11.2023 06:36:16.703 GMT-0800,326.933,326.747,0.0012,0.0012
13.11.2023 06:36:17.698 GMT-0800,326.92400000000004,326.746,0.0012,0.0012
13.11.2023 06:36:17.748 GMT-0800,326.934,326.746,0.0012,0.0012
13.11.2023 06:36:18.327 GMT-0800,326.903,326.647,0.0012,0.0012
13.11.2023 06:36:18.378 GMT-0800,326.853,326.59700000000004,0.0012,0.0012
13.11.2023 06:36:18.727 GMT-0800,326.844,326.596,0.0012,0.0012
13.11.2023 06:36:18.778 GMT-0800,326.85400000000004,326.596,0.0012,0.0012
13.11.2023 06:36:19.067 GMT-0800,326.853,326.617,0.0012,0.0012
13.11.2023 06:36:19.118 GMT-0800,326.91400000000004,326.626,0.0012,0.0012
13.11.2023 06:36:20.035 GMT-0800,326.91400000000004,326.82599999999996,0.0012,0.0012
13.11.2023 06:36:20.618 GMT-0800,326.904,326.746,0.0012,0.0012
13.11.2023 06:36:20.685 GMT-0800,326.91400000000004,326.746,0.0012,0.0012
13.11.2023 06:36:20.834 GMT-0800,326.80400000000003,326.616,0.0012,0.0012
13.11.2023 06:36:20.935 GMT-0800,326.803,326.627,0.0012,0.0012
13.11.2023 06:36:21.033 GMT-0800,326.86400000000003,326.63599999999997,0.0012,0.0012
13.11.2023 06:36:21.351 GMT-0800,326.863,326.617,0.0012,0.0012
13.11.2023 06:36:21.742 GMT-0800,326.844,326.616,0.0012,0.0012
13.11.2023 06:36:22.412 GMT-0800,326.86400000000003,326.726,0.0012,0.0012
13.11.2023 06:36:22.536 GMT-0800,326.91400000000004,326.726,0.0012,0.0012
13.11.2023 06:36:22.889 GMT-0800,326.913,326.757,0.0012,0.0012
13.11.2023 06:36:24.045 GMT-0800,326.903,326.757,0.0012,0.0012
13.11.2023 06:36:24.186 GMT-0800,326.823,326.757,0.0012,0.0012
13.11.2023 06:36:24.651 GMT-0800,326.913,326.757,0.0012,0.0012
13.11.2023 06:36:24.803 GMT-0800,326.913,326.78700000000003,0.0012,0.0012
13.11.2023 06:36:24.854 GMT-0800,326.913,326.757,0.0012,0.0012
13.11.2023 06:36:24.905 GMT-0800,326.934,326.766,0.0012,0.0012
13.11.2023 06:36:24.979 GMT-0800,326.934,326.756,0.0012,0.0012
13.11.2023 06:36:28.220 GMT-0800,326.934,326.776,0.0012,0.0012
13.11.2023 06:36:29.706 GMT-0800,326.934,326.82599999999996,0.0012,0.0012
13.11.2023 06:36:29.864 GMT-0800,326.933,326.837,0.0012,0.0012
13.11.2023 06:36:30.110 GMT-0800,326.934,326.82599999999996,0.0012,0.0012
13.11.2023 06:36:30.293 GMT-0800,326.933,326.837,0.0012,0.0012
13.11.2023 06:36:30.344 GMT-0800,326.934,326.82599999999996,0.0012,0.0012
13.11.2023 06:36:30.821 GMT-0800,326.923,326.777,0.0012,0.0012
13.11.2023 06:36:31.092 GMT-0800,326.894,326.776,0.0012,0.0012
13.11.2023 06:36:31.470 GMT-0800,326.923,326.777,0.0012,0.0012
13.11.2023 06:36:31.572 GMT-0800,326.934,326.776,0.0012,0.0012
13.11.2023 06:36:31.640 GMT-0800,326.964,326.82599999999996,0.0012,0.0012
13.11.2023 06:36:31.918 GMT-0800,327.003,326.877,0.0012,0.0012
13.11.2023 06:36:32.078 GMT-0800,327.193,326.947,0.0012,0.0012
13.11.2023 06:36:32.129 GMT-0800,327.073,327.007,0.0012,0.0012
13.11.2023 06:36:32.316 GMT-0800,327.11400000000003,327.006,0.0012,0.0012
13.11.2023 06:36:32.939 GMT-0800,327.103,327.007,0.0012,0.0012
13.11.2023 06:36:32.990 GMT-0800,327.113,327.007,0.0012,0.0012
13.11.2023 06:36:33.082 GMT-0800,327.10400000000004,327.006,0.0012,0.0012
13.11.2023 06:36:33.469 GMT-0800,327.11400000000003,327.006,0.0012,0.0012
13.11.2023 06:36:33.613 GMT-0800,327.103,326.957,0.0012,0.0012
13.11.2023 06:36:33.664 GMT-0800,327.003,326.857,0.0012,0.0012
13.11.2023 06:36:33.922 GMT-0800,326.934,326.776,0.0012,0.0012
13.11.2023 06:36:34.023 GMT-0800,327.004,326.776,0.0012,0.0012
13.11.2023 06:36:34.184 GMT-0800,326.92400000000004,326.776,0.0012,0.0012
13.11.2023 06:36:34.742 GMT-0800,326.964,326.776,0.0012,0.0012
13.11.2023 06:36:35.009 GMT-0800,326.943,326.777,0.0012,0.0012
13.11.2023 06:36:35.060 GMT-0800,326.86400000000003,326.676,0.0012,0.0012
13.11.2023 06:36:35.198 GMT-0800,326.97400000000005,326.686,0.0012,0.0012
13.11.2023 06:36:35.335 GMT-0800,326.964,326.686,0.0012,0.0012
13.11.2023 06:36:35.424 GMT-0800,326.973,326.687,0.0012,0.0012
13.11.2023 06:36:35.475 GMT-0800,327.004,326.686,0.0012,0.0012
13.11.2023 06:36:35.741 GMT-0800,326.994,326.686,0.0012,0.0012
13.11.2023 06:36:36.010 GMT-0800,327.004,326.686,0.0012,0.0012
13.11.2023 06:36:36.473 GMT-0800,327.003,326.757,0.0012,0.0012
13.11.2023 06:36:36.995 GMT-0800,326.913,326.757,0.0012,0.0012
13.11.2023 06:36:37.882 GMT-0800,326.903,326.757,0.0012,0.0012
13.11.2023 06:36:38.158 GMT-0800,326.913,326.757,0.0012,0.0012
13.11.2023 06:36:39.543 GMT-0800,326.993,326.757,0.0012,0.0012
13.11.2023 06:36:40.034 GMT-0800,327.004,326.756,0.0012,0.0012
13.11.2023 06:36:40.451 GMT-0800,326.993,326.757,0.0012,0.0012
13.11.2023 06:36:41.514 GMT-0800,326.873,326.78700000000003,0.0012,0.0012
13.11.2023 06:36:42.841 GMT-0800,326.86400000000003,326.786,0.0012,0.0012
13.11.2023 06:36:43.019 GMT-0800,326.953,326.857,0.0012,0.0012
13.11.2023 06:36:43.945 GMT-0800,327.003,326.807,0.0012,0.0012
13.11.2023 06:36:44.045 GMT-0800,327.004,326.876,0.0012,0.0012
