Local time,Ask,Bid,AskVolume,BidVolume
13.11.2023 06:30:00.734 GMT-0800,131.934,131.776,0.0012,0.0012
13.11.2023 06:30:01.160 GMT-0800,131.934,131.796,0.0012,0.0012
13.11.2023 06:30:01.297 GMT-0800,131.934,131.806,0.0012,0.0012
13.11.2023 06:30:01.347 GMT-0800,131.933,131.797,0.0012,0.0012
13.11.2023 06:30:01.515 GMT-0800,131.923,131.80700000000002,0.0012,0.0012
13.11.2023 06:30:01.872 GMT-0800,131.903,131.847,0.0012,0.0012
13.11.2023 06:30:02.082 GMT-0800,131.904,131.856,0.0012,0.0012
13.11.2023 06:30:02.183 GMT-0800,131.933,131.89700000000002,0.0012,0.0012
13.11.2023 06:30:02.283 GMT-0800,131.923,131.877,0.0012,0.0012
13.11.2023 06:30:02.388 GMT-0800,131.933,131.907,0.0012,0.0012
13.11.2023 06:30:02.439 GMT-0800,131.944,131.906,0.0012,0.0012
13.11.2023 06:30:02.491 GMT-0800,131.954,131.906,0.0012,0.0012
13.11.2023 06:30:02.542 GMT-0800,131.94299999999998,131.907,0.0012,0.0012
13.11.2023 06:30:02.592 GMT-0800,131.953,131.907,0.0012,0.0012
13.11.2023 06:30:02.643 GMT-0800,131.984,131.906,0.0012,0.0012
13.11.2023 06:30:02.743 GMT-0800,132.084,131.906,0.0012,0.0012
13.11.2023 06:30:02.794 GMT-0800,132.10399999999998,131.936,0.0012,0.0012
13.11.2023 06:30:02.895 GMT-0800,132.144,131.98600000000002,0.0012,0.0012
13.11.2023 06:30:03.046 GMT-0800,132.19299999999998,132.137,0.0012,0.0012
13.11.2023 06:30:03.197 GMT-0800,132.16299999999998,132.137,0.0012,0.0012
13.11.2023 06:30:03.302 GMT-0800,132.153,132.107,0.0012,0.0012
13.11.2023 06:30:03.356 GMT-0800,132.164,132.106,0.0012,0.0012
13.11.2023 06:30:03.415 GMT-0800,132.134,132.106,0.0012,0.0012
13.11.2023 06:30:03.465 GMT-0800,132.16299999999998,132.107,0.0012,0.0012
13.11.2023 06:30:03.538 GMT-0800,132.144,132.106,0.0012,0.0012
13.11.2023 06:30:03.588 GMT-0800,132.16299999999998,132.107,0.0012,0.0012
13.11.2023 06:30:03.639 GMT-0800,132.123,131.977,0.0012,0.0012
13.11.2023 06:30:03.689 GMT-0800,132.134,132.076,0.0012,0.0012
13.11.2023 06:30:03.739 GMT-0800,132.144,131.976,0.0012,0.0012
13.11.2023 06:30:03.790 GMT-0800,132.123,131.977,0.0012,0.0012
13.11.2023 06:30:04.031 GMT-0800,132.114,131.976,0.0012,0.0012
13.11.2023 06:30:04.082 GMT-0800,132.124,131.976,0.0012,0.0012
13.11.2023 06:30:04.132 GMT-0800,132.144,132.096,0.0012,0.0012
13.11.2023 06:30:04.183 GMT-0800,132.123,131.977,0.0012,0.0012
13.11.2023 06:30:04.233 GMT-0800,132.114,131.976,0.0012,0.0012
13.11.2023 06:30:04.365 GMT-0800,132.123,132.047,0.0012,0.0012
13.11.2023 06:30:04.416 GMT-0800,132.113,131.977,0.0012,0.0012
13.11.2023 06:30:04.583 GMT-0800,132.10399999999998,131.976,0.0012,0.0012
13.11.2023 06:30:04.676 GMT-0800,132.113,131.977,0.0012,0.0012
13.11.2023 06:30:04.737 GMT-0800,132.10399999999998,131.976,0.0012,0.0012
13.11.2023 06:30:04.787 GMT-0800,132.114,131.976,0.0012,0.0012
13.11.2023 06:30:04.838 GMT-0800,132.123,131.977,0.0012,0.0012
13.11.2023 06:30:04.889 GMT-0800,132.153,132.097,0.0012,0.0012
13.11.2023 06:30:05.012 GMT-0800,132.134,132.076,0.0012,0.0012
13.11.2023 06:30:05.171 GMT-0800,132.134,131.976,0.0012,0.0012
13.11.2023 06:30:05.222 GMT-0800,132.093,131.977,0.0012,0.0012
13.11.2023 06:30:05.513 GMT-0800,132.134,131.976,0.0012,0.0012
13.11.2023 06:30:05.564 GMT-0800,132.16299999999998,132.11700000000002,0.0012,0.0012
13.11.2023 06:30:05.614 GMT-0800,132.164,132.086,0.0012,0.0012
13.11.2023 06:30:05.665 GMT-0800,132.16299999999998,132.107,0.0012,0.0012
13.11.2023 06:30:05.786 GMT-0800,132.184,132.136,0.0012,0.0012
13.11.2023 06:30:05.836 GMT-0800,132.19299999999998,132.137,0.0012,0.0012
13.11.2023 06:30:05.887 GMT-0800,132.164,132.126,0.0012,0.0012
13.11.2023 06:30:05.938 GMT-0800,132.184,132.126,0.0012,0.0012
13.11.2023 06:30:05.988 GMT-0800,132.174,132.126,0.0012,0.0012
13.11.2023 06:30:06.039 GMT-0800,132.16299999999998,132.107,0.0012,0.0012
13.11.2023 06:30:06.154 GMT-0800,132.19299999999998,132.14700000000002,0.0012,0.0012
13.11.2023 06:30:06.237 GMT-0800,132.263,132.14700000000002,0.0012,0.0012
13.11.2023 06:30:06.288 GMT-0800,132.304,132.14600000000002,0.0012,0.0012
13.11.2023 06:30:06.338 GMT-0800,132.204,132.14600000000002,0.0012,0.0012
13.11.2023 06:30:06.439 GMT-0800,132.174,132.106,0.0012,0.0012
13.11.2023 06:30:07.014 GMT-0800,132.19299999999998,132.107,0.0012,0.0012
13.11.2023 06:30:07.066 GMT-0800,132.183,132.107,0.0012,0.0012
13.11.2023 06:30:07.205 GMT-0800,132.174,132.106,0.0012,0.0012
13.11.2023 06:30:07.356 GMT-0800,132.144,132.106,0.0012,0.0012
13.11.2023 06:30:07.647 GMT-0800,132.154,132.106,0.0012,0.0012
13.11.2023 06:30:07.698 GMT-0800,132.13299999999998,131.977,0.0012,0.0012
13.11.2023 06:30:07.896 GMT-0800,132.103,131.977,0.0012,0.0012
13.11.2023 06:30:07.998 GMT-0800,132.084,132.036,0.0012,0.0012
13.11.2023 06:30:08.049 GMT-0800,132.094,132.036,0.0012,0.0012
13.11.2023 06:30:08.099 GMT-0800,132.073,132.017,0.0012,0.0012
13.11.2023 06:30:08.201 GMT-0800,132.063,132.017,0.0012,0.0012
13.11.2023 06:30:08.252 GMT-0800,132.074,132.01600000000002,0.0012,0.0012
13.11.2023 06:30:08.654 GMT-0800,132.103,132.047,0.0012,0.0012
13.11.2023 06:30:08.755 GMT-0800,132.114,132.066,0.0012,0.0012
13.11.2023 06:30:08.806 GMT-0800,132.134,132.066,0.0012,0.0012
13.11.2023 06:30:08.856 GMT-0800,132.093,132.05700000000002,0.0012,0.0012
13.11.2023 06:30:08.962 GMT-0800,132.103,132.067,0.0012,0.0012
13.11.2023 06:30:09.012 GMT-0800,132.113,132.05700000000002,0.0012,0.0012
13.11.2023 06:30:09.076 GMT-0800,132.114,132.066,0.0012,0.0012
13.11.2023 06:30:09.132 GMT-0800,132.13299999999998,132.067,0.0012,0.0012
13.11.2023 06:30:09.411 GMT-0800,132.134,132.076,0.0012,0.0012
13.11.2023 06:30:09.638 GMT-0800,132.103,132.067,0.0012,0.0012
13.11.2023 06:30:09.750 GMT-0800,132.103,132.037,0.0012,0.0012
13.11.2023 06:30:09.911 GMT-0800,132.103,132.047,0.0012,0.0012
13.11.2023 06:30:10.012 GMT-0800,132.054,132.026,0.0012,0.0012
13.11.2023 06:30:10.128 GMT-0800,132.064,132.036,0.0012,0.0012
13.11.2023 06:30:10.179 GMT-0800,132.063,132.017,0.0012,0.0012
13.11.2023 06:30:11.793 GMT-0800,132.063,132.007,0.0012,0.0012
13.11.2023 06:30:11.843 GMT-0800,132.064,132.01600000000002,0.0012,0.0012
13.11.2023 06:30:11.897 GMT-0800,132.064,132.006,0.0012,0.0012
13.11.2023 06:30:12.053 GMT-0800,132.064,132.01600000000002,0.0012,0.0012
13.11.2023 06:30:12.208 GMT-0800,132.064,132.006,0.0012,0.0012
13.11.2023 06:30:12.258 GMT-0800,132.023,131.98700000000002,0.0012,0.0012
13.11.2023 06:30:12.350 GMT-0800,132.033,131.98700000000002,0.0012,0.0012
13.11.2023 06:30:12.401 GMT-0800,132.033,131.977,0.0012,0.0012
13.11.2023 06:30:12.601 GMT-0800,132.013,131.977,0.0012,0.0012
13.11.2023 06:30:12.652 GMT-0800,131.993,131.947,0.0012,0.0012
13.11.2023 06:30:13.156 GMT-0800,132.013,131.977,0.0012,0.0012
13.11.2023 06:30:13.257 GMT-0800,131.993,131.967,0.0012,0.0012
13.11.2023 06:30:13.307 GMT-0800,131.994,131.946,0.0012,0.0012
13.11.2023 06:30:13.358 GMT-0800,131.994,131.95600000000002,0.0012,0.0012
13.11.2023 06:30:13.665 GMT-0800,132.003,131.95700000000002,0.0012,0.0012
13.11.2023 06:30:13.783 GMT-0800,132.013,131.95700000000002,0.0012,0.0012
13.11.2023 06:30:13.833 GMT-0800,132.053,131.997,0.0012,0.0012
13.11.2023 06:30:14.008 GMT-0800,132.074,132.036,0.0012,0.0012
13.11.2023 06:30:14.119 GMT-0800,132.073,132.017,0.0012,0.0012
13.11.2023 06:30:14.189 GMT-0800,132.084,132.046,0.0012,0.0012
13.11.2023 06:30:14.241 GMT-0800,132.10399999999998,132.056,0.0012,0.0012
13.11.2023 06:30:14.291 GMT-0800,132.084,132.046,0.0012,0.0012
13.11.2023 06:30:14.415 GMT-0800,132.084,132.036,0.0012,0.0012
13.11.2023 06:30:14.566 GMT-0800,132.084,132.046,0.0012,0.0012
13.11.2023 06:30:14.667 GMT-0800,132.074,132.026,0.0012,0.0012
13.11.2023 06:30:14.768 GMT-0800,132.053,132.02700000000002,0.0012,0.0012
13.11.2023 06:30:14.818 GMT-0800,132.064,132.026,0.0012,0.0012
13.11.2023 06:30:15.109 GMT-0800,132.054,132.026,0.0012,0.0012
13.11.2023 06:30:15.226 GMT-0800,132.073,132.037,0.0012,0.0012
13.11.2023 06:30:15.277 GMT-0800,132.074,132.046,0.0012,0.0012
13.11.2023 06:30:15.356 GMT-0800,132.074,132.036,0.0012,0.0012
13.11.2023 06:30:15.500 GMT-0800,132.084,132.036,0.0012,0.0012
13.11.2023 06:30:15.551 GMT-0800,132.094,132.046,0.0012,0.0012
13.11.2023 06:30:15.631 GMT-0800,132.094,132.036,0.0012,0.0012
13.11.2023 06:30:15.692 GMT-0800,132.063,132.02700000000002,0.0012,0.0012
13.11.2023 06:30:15.743 GMT-0800,132.074,132.01600000000002,0.0012,0.0012
13.11.2023 06:30:15.794 GMT-0800,132.074,132.006,0.0012,0.0012
13.11.2023 06:30:15.844 GMT-0800,132.073,132.017,0.0012,0.0012
13.11.2023 06:30:16.011 GMT-0800,132.044,132.006,0.0012,0.0012
13.11.2023 06:30:16.062 GMT-0800,132.043,131.997,0.0012,0.0012
13.11.2023 06:30:16.561 GMT-0800,132.063,132.017,0.0012,0.0012
13.11.2023 06:30:16.662 GMT-0800,132.054,132.01600000000002,0.0012,0.0012
13.11.2023 06:30:16.713 GMT-0800,132.054,132.006,0.0012,0.0012
13.11.2023 06:30:16.813 GMT-0800,132.054,132.01600000000002,0.0012,0.0012
13.11.2023 06:30:16.976 GMT-0800,132.043,132.007,0.0012,0.0012
13.11.2023 06:30:17.259 GMT-0800,132.023,131.997,0.0012,0.0012
13.11.2023 06:30:17.340 GMT-0800,132.044,131.996,0.0012,0.0012
13.11.2023 06:30:17.956 GMT-0800,132.073,132.02700000000002,0.0012,0.0012
13.11.2023 06:30:18.007 GMT-0800,132.073,132.017,0.0012,0.0012
13.11.2023 06:30:18.057 GMT-0800,132.053,132.017,0.0012,0.0012
13.11.2023 06:30:18.282 GMT-0800,132.043,132.017,0.0012,0.0012
13.11.2023 06:30:18.383 GMT-0800,132.034,131.996,0.0012,0.0012
13.11.2023 06:30:18.489 GMT-0800,132.044,132.006,0.0012,0.0012
13.11.2023 06:30:18.711 GMT-0800,132.044,131.996,0.0012,0.0012
13.11.2023 06:30:18.762 GMT-0800,132.024,131.996,0.0012,0.0012
13.11.2023 06:30:18.899 GMT-0800,132.003,131.977,0.0012,0.0012
13.11.2023 06:30:18.950 GMT-0800,132.003,131.95700000000002,0.0012,0.0012
13.11.2023 06:30:19.000 GMT-0800,131.993,131.95700000000002,0.0012,0.0012
13.11.2023 06:30:19.152 GMT-0800,132.004,131.95600000000002,0.0012,0.0012
13.11.2023 06:30:19.202 GMT-0800,131.994,131.95600000000002,0.0012,0.0012
13.11.2023 06:30:19.484 GMT-0800,132.024,131.976,0.0012,0.0012
13.11.2023 06:30:19.534 GMT-0800,132.003,131.967,0.0012,0.0012
13.11.2023 06:30:19.872 GMT-0800,132.003,131.95700000000002,0.0012,0.0012
13.11.2023 06:30:19.969 GMT-0800,132.014,131.976,0.0012,0.0012
13.11.2023 06:30:20.146 GMT-0800,132.004,131.95600000000002,0.0012,0.0012
13.11.2023 06:30:20.234 GMT-0800,132.013,131.977,0.0012,0.0012
13.11.2023 06:30:20.285 GMT-0800,132.023,131.977,0.0012,0.0012
13.11.2023 06:30:20.345 GMT-0800,132.023,131.98700000000002,0.0012,0.0012
13.11.2023 06:30:20.396 GMT-0800,132.063,132.017,0.0012,0.0012
13.11.2023 06:30:20.446 GMT-0800,132.064,132.026,0.0012,0.0012
13.11.2023 06:30:20.497 GMT-0800,132.063,132.017,0.0012,0.0012
13.11.2023 06:30:20.619 GMT-0800,132.053,132.017,0.0012,0.0012
13.11.2023 06:30:20.753 GMT-0800,132.043,132.017,0.0012,0.0012
13.11.2023 06:30:20.804 GMT-0800,132.053,132.017,0.0012,0.0012
13.11.2023 06:30:20.855 GMT-0800,132.043,132.017,0.0012,0.0012
13.11.2023 06:30:20.919 GMT-0800,132.044,132.006,0.0012,0.0012
13.11.2023 06:30:21.070 GMT-0800,132.054,132.01600000000002,0.0012,0.0012
13.11.2023 06:30:21.336 GMT-0800,132.054,132.036,0.0012,0.0012
13.11.2023 06:30:21.386 GMT-0800,132.053,132.02700000000002,0.0012,0.0012
13.11.2023 06:30:21.562 GMT-0800,132.053,132.017,0.0012,0.0012
13.11.2023 06:30:21.848 GMT-0800,132.034,132.006,0.0012,0.0012
13.11.2023 06:30:22.042 GMT-0800,132.024,131.996,0.0012,0.0012
13.11.2023 06:30:22.093 GMT-0800,132.034,131.98600000000002,0.0012,0.0012
13.11.2023 06:30:22.144 GMT-0800,132.034,131.996,0.0012,0.0012
13.11.2023 06:30:22.245 GMT-0800,132.043,131.997,0.0012,0.0012
13.11.2023 06:30:22.637 GMT-0800,132.043,132.007,0.0012,0.0012
13.11.2023 06:30:22.746 GMT-0800,132.093,132.05700000000002,0.0012,0.0012
13.11.2023 06:30:22.847 GMT-0800,132.10399999999998,132.066,0.0012,0.0012
13.11.2023 06:30:23.072 GMT-0800,132.113,132.08700000000002,0.0012,0.0012
13.11.2023 06:30:23.123 GMT-0800,132.094,132.056,0.0012,0.0012
13.11.2023 06:30:23.174 GMT-0800,132.094,132.066,0.0012,0.0012
13.11.2023 06:30:23.224 GMT-0800,132.094,132.056,0.0012,0.0012
13.11.2023 06:30:23.375 GMT-0800,132.083,132.05700000000002,0.0012,0.0012
13.11.2023 06:30:23.737 GMT-0800,132.084,132.046,0.0012,0.0012
13.11.2023 06:30:24.075 GMT-0800,132.084,132.056,0.0012,0.0012
13.11.2023 06:30:24.130 GMT-0800,132.084,132.046,0.0012,0.0012
13.11.2023 06:30:24.201 GMT-0800,132.073,132.047,0.0012,0.0012
13.11.2023 06:30:24.347 GMT-0800,132.063,132.02700000000002,0.0012,0.0012
13.11.2023 06:30:24.448 GMT-0800,132.074,132.036,0.0012,0.0012
13.11.2023 06:30:24.650 GMT-0800,132.074,132.046,0.0012,0.0012
13.11.2023 06:30:24.714 GMT-0800,132.074,132.036,0.0012,0.0012
13.11.2023 06:30:24.770 GMT-0800,132.084,132.036,0.0012,0.0012
13.11.2023 06:30:24.821 GMT-0800,132.074,132.036,0.0012,0.0012
13.11.2023 06:30:24.922 GMT-0800,132.094,132.056,0.0012,0.0012
13.11.2023 06:30:25.045 GMT-0800,132.084,132.046,0.0012,0.0012
13.11.2023 06:30:25.095 GMT-0800,132.083,132.037,0.0012,0.0012
13.11.2023 06:30:25.164 GMT-0800,132.074,132.036,0.0012,0.0012
13.11.2023 06:30:25.297 GMT-0800,132.054,132.01600000000002,0.0012,0.0012
13.11.2023 06:30:25.405 GMT-0800,132.053,132.02700000000002,0.0012,0.0012
13.11.2023 06:30:25.455 GMT-0800,132.074,132.036,0.0012,0.0012
13.11.2023 06:30:25.520 GMT-0800,132.073,132.02700000000002,0.0012,0.0012
13.11.2023 06:30:25.571 GMT-0800,132.073,132.037,0.0012,0.0012
13.11.2023 06:30:25.787 GMT-0800,132.084,132.046,0.0012,0.0012
13.11.2023 06:30:25.888 GMT-0800,132.103,132.067,0.0012,0.0012
13.11.2023 06:30:26.732 GMT-0800,132.094,132.066,0.0012,0.0012
13.11.2023 06:30:26.782 GMT-0800,132.083,132.047,0.0012,0.0012
13.11.2023 06:30:26.903 GMT-0800,132.10399999999998,132.066,0.0012,0.0012
13.11.2023 06:30:26.954 GMT-0800,132.10399999999998,132.056,0.0012,0.0012
13.11.2023 06:30:27.019 GMT-0800,132.103,132.067,0.0012,0.0012
13.11.2023 06:30:27.209 GMT-0800,132.094,132.066,0.0012,0.0012
13.11.2023 06:30:27.264 GMT-0800,132.094,132.056,0.0012,0.0012
13.11.2023 06:30:27.428 GMT-0800,132.094,132.066,0.0012,0.0012
13.11.2023 06:30:27.581 GMT-0800,132.093,132.05700000000002,0.0012,0.0012
13.11.2023 06:30:27.684 GMT-0800,132.093,132.067,0.0012,0.0012
13.11.2023 06:30:27.867 GMT-0800,132.093,132.05700000000002,0.0012,0.0012
13.11.2023 06:30:27.964 GMT-0800,132.094,132.066,0.0012,0.0012
13.11.2023 06:30:28.014 GMT-0800,132.094,132.056,0.0012,0.0012
13.11.2023 06:30:28.084 GMT-0800,132.094,132.066,0.0012,0.0012
13.11.2023 06:30:28.135 GMT-0800,132.093,132.05700000000002,0.0012,0.0012
13.11.2023 06:30:28.760 GMT-0800,132.073,132.047,0.0012,0.0012
13.11.2023 06:30:28.810 GMT-0800,132.073,132.037,0.0012,0.0012
13.11.2023 06:30:29.083 GMT-0800,132.074,132.026,0.0012,0.0012
13.11.2023 06:30:29.134 GMT-0800,132.053,132.017,0.0012,0.0012
13.11.2023 06:30:29.261 GMT-0800,132.064,132.026,0.0012,0.0012
13.11.2023 06:30:29.384 GMT-0800,132.044,132.006,0.0012,0.0012
13.11.2023 06:30:29.485 GMT-0800,132.044,132.01600000000002,0.0012,0.0012
13.11.2023 06:30:29.696 GMT-0800,132.054,132.01600000000002,0.0012,0.0012
13.11.2023 06:30:29.981 GMT-0800,132.063,132.02700000000002,0.0012,0.0012
13.11.2023 06:30:30.179 GMT-0800,132.084,132.036,0.0012,0.0012
13.11.2023 06:30:30.361 GMT-0800,132.074,132.036,0.0012,0.0012
13.11.2023 06:30:30.462 GMT-0800,132.064,132.01600000000002,0.0012,0.0012
13.11.2023 06:30:31.625 GMT-0800,132.054,132.01600000000002,0.0012,0.0012
13.11.2023 06:30:31.925 GMT-0800,132.044,132.01600000000002,0.0012,0.0012
13.11.2023 06:30:31.975 GMT-0800,132.054,132.01600000000002,0.0012,0.0012
13.11.2023 06:30:32.316 GMT-0800,132.053,132.007,0.0012,0.0012
13.11.2023 06:30:32.366 GMT-0800,132.013,131.967,0.0012,0.0012
13.11.2023 06:30:32.531 GMT-0800,132.003,131.967,0.0012,0.0012
13.11.2023 06:30:32.682 GMT-0800,132.004,131.95600000000002,0.0012,0.0012
13.11.2023 06:30:32.732 GMT-0800,132.014,131.966,0.0012,0.0012
13.11.2023 06:30:32.827 GMT-0800,132.024,131.966,0.0012,0.0012
13.11.2023 06:30:32.877 GMT-0800,131.994,131.95600000000002,0.0012,0.0012
13.11.2023 06:30:32.928 GMT-0800,132.003,131.95700000000002,0.0012,0.0012
13.11.2023 06:30:33.053 GMT-0800,131.994,131.95600000000002,0.0012,0.0012
13.11.2023 06:30:33.104 GMT-0800,132.004,131.95600000000002,0.0012,0.0012
13.11.2023 06:30:33.154 GMT-0800,131.993,131.95700000000002,0.0012,0.0012
13.11.2023 06:30:33.204 GMT-0800,131.993,131.947,0.0012,0.0012
13.11.2023 06:30:33.334 GMT-0800,131.984,131.946,0.0012,0.0012
13.11.2023 06:30:33.420 GMT-0800,131.974,131.92600000000002,0.0012,0.0012
13.11.2023 06:30:33.521 GMT-0800,131.964,131.92600000000002,0.0012,0.0012
13.11.2023 06:30:33.571 GMT-0800,131.97299999999998,131.92700000000002,0.0012,0.0012
13.11.2023 06:30:33.857 GMT-0800,131.983,131.947,0.0012,0.0012
13.11.2023 06:30:33.907 GMT-0800,131.984,131.92600000000002,0.0012,0.0012
13.11.2023 06:30:33.958 GMT-0800,131.964,131.92600000000002,0.0012,0.0012
13.11.2023 06:30:34.008 GMT-0800,131.97299999999998,131.92700000000002,0.0012,0.0012
13.11.2023 06:30:34.059 GMT-0800,131.974,131.916,0.0012,0.0012
13.11.2023 06:30:34.109 GMT-0800,131.964,131.916,0.0012,0.0012
13.11.2023 06:30:34.245 GMT-0800,131.953,131.907,0.0012,0.0012
13.11.2023 06:30:34.480 GMT-0800,131.953,131.917,0.0012,0.0012
13.11.2023 06:30:34.631 GMT-0800,131.944,131.916,0.0012,0.0012
13.11.2023 06:30:34.681 GMT-0800,131.954,131.916,0.0012,0.0012
13.11.2023 06:30:34.732 GMT-0800,131.94299999999998,131.917,0.0012,0.0012
13.11.2023 06:30:34.800 GMT-0800,131.954,131.916,0.0012,0.0012
13.11.2023 06:30:34.851 GMT-0800,131.964,131.936,0.0012,0.0012
13.11.2023 06:30:34.969 GMT-0800,131.953,131.92700000000002,0.0012,0.0012
13.11.2023 06:30:35.019 GMT-0800,131.953,131.917,0.0012,0.0012
13.11.2023 06:30:35.084 GMT-0800,131.974,131.916,0.0012,0.0012
13.11.2023 06:30:35.134 GMT-0800,131.984,131.946,0.0012,0.0012
13.11.2023 06:30:35.235 GMT-0800,131.963,131.937,0.0012,0.0012
13.11.2023 06:30:35.286 GMT-0800,131.974,131.936,0.0012,0.0012
13.11.2023 06:30:35.362 GMT-0800,131.963,131.937,0.0012,0.0012
13.11.2023 06:30:35.412 GMT-0800,131.97299999999998,131.937,0.0012,0.0012
13.11.2023 06:30:35.513 GMT-0800,131.964,131.936,0.0012,0.0012
13.11.2023 06:30:35.584 GMT-0800,131.97299999999998,131.937,0.0012,0.0012
13.11.2023 06:30:35.634 GMT-0800,131.974,131.946,0.0012,0.0012
13.11.2023 06:30:35.685 GMT-0800,131.97299999999998,131.937,0.0012,0.0012
13.11.2023 06:30:35.941 GMT-0800,131.97299999999998,131.95700000000002,0.0012,0.0012
13.11.2023 06:30:35.991 GMT-0800,131.964,131.936,0.0012,0.0012
13.11.2023 06:30:36.042 GMT-0800,131.944,131.916,0.0012,0.0012
13.11.2023 06:30:36.092 GMT-0800,131.94299999999998,131.907,0.0012,0.0012
13.11.2023 06:30:36.238 GMT-0800,131.933,131.89700000000002,0.0012,0.0012
13.11.2023 06:30:36.626 GMT-0800,131.923,131.887,0.0012,0.0012
13.11.2023 06:30:36.727 GMT-0800,131.933,131.89700000000002,0.0012,0.0012
13.11.2023 06:30:36.878 GMT-0800,131.91299999999998,131.887,0.0012,0.0012
13.11.2023 06:30:37.027 GMT-0800,131.924,131.89600000000002,0.0012,0.0012
13.11.2023 06:30:37.077 GMT-0800,131.923,131.887,0.0012,0.0012
13.11.2023 06:30:37.273 GMT-0800,131.933,131.907,0.0012,0.0012
13.11.2023 06:30:37.374 GMT-0800,131.923,131.89700000000002,0.0012,0.0012
13.11.2023 06:30:37.502 GMT-0800,131.91299999999998,131.877,0.0012,0.0012
13.11.2023 06:30:37.678 GMT-0800,131.903,131.86700000000002,0.0012,0.0012
13.11.2023 06:30:37.779 GMT-0800,131.884,131.856,0.0012,0.0012
13.11.2023 06:30:37.951 GMT-0800,131.893,131.857,0.0012,0.0012
13.11.2023 06:30:38.221 GMT-0800,131.884,131.846,0.0012,0.0012
13.11.2023 06:30:38.322 GMT-0800,131.864,131.826,0.0012,0.0012
13.11.2023 06:30:38.423 GMT-0800,131.873,131.827,0.0012,0.0012
13.11.2023 06:30:38.473 GMT-0800,131.884,131.846,0.0012,0.0012
13.11.2023 06:30:38.659 GMT-0800,131.884,131.826,0.0012,0.0012
13.11.2023 06:30:38.709 GMT-0800,131.903,131.857,0.0012,0.0012
13.11.2023 06:30:39.255 GMT-0800,131.903,131.847,0.0012,0.0012
13.11.2023 06:30:39.306 GMT-0800,131.904,131.836,0.0012,0.0012
13.11.2023 06:30:39.382 GMT-0800,131.903,131.847,0.0012,0.0012
13.11.2023 06:30:39.433 GMT-0800,131.903,131.83700000000002,0.0012,0.0012
13.11.2023 06:30:39.534 GMT-0800,131.903,131.827,0.0012,0.0012
13.11.2023 06:30:39.869 GMT-0800,131.903,131.83700000000002,0.0012,0.0012
13.11.2023 06:30:39.970 GMT-0800,131.863,131.80700000000002,0.0012,0.0012
13.11.2023 06:30:40.071 GMT-0800,131.843,131.797,0.0012,0.0012
13.11.2023 06:30:40.172 GMT-0800,131.833,131.80700000000002,0.0012,0.0012
13.11.2023 06:30:40.323 GMT-0800,131.844,131.806,0.0012,0.0012
13.11.2023 06:30:40.374 GMT-0800,131.844,131.796,0.0012,0.0012
13.11.2023 06:30:40.533 GMT-0800,131.844,131.806,0.0012,0.0012
13.11.2023 06:30:40.634 GMT-0800,131.834,131.796,0.0012,0.0012
13.11.2023 06:30:40.735 GMT-0800,131.814,131.776,0.0012,0.0012
13.11.2023 06:30:40.868 GMT-0800,131.833,131.797,0.0012,0.0012
13.11.2023 06:30:40.969 GMT-0800,131.863,131.797,0.0012,0.0012
13.11.2023 06:30:41.020 GMT-0800,131.864,131.826,0.0012,0.0012
13.11.2023 06:30:41.120 GMT-0800,131.863,131.817,0.0012,0.0012
13.11.2023 06:30:41.171 GMT-0800,131.873,131.83700000000002,0.0012,0.0012
13.11.2023 06:30:41.272 GMT-0800,131.863,131.817,0.0012,0.0012
13.11.2023 06:30:41.322 GMT-0800,131.85399999999998,131.816,0.0012,0.0012
13.11.2023 06:30:41.444 GMT-0800,131.864,131.816,0.0012,0.0012
13.11.2023 06:30:41.761 GMT-0800,131.863,131.80700000000002,0.0012,0.0012
13.11.2023 06:30:41.856 GMT-0800,131.863,131.797,0.0012,0.0012
13.11.2023 06:30:41.906 GMT-0800,131.863,131.817,0.0012,0.0012
13.11.2023 06:30:42.108 GMT-0800,131.864,131.836,0.0012,0.0012
13.11.2023 06:30:42.311 GMT-0800,131.863,131.817,0.0012,0.0012
13.11.2023 06:30:42.444 GMT-0800,131.863,131.847,0.0012,0.0012
13.11.2023 06:30:42.494 GMT-0800,131.884,131.836,0.0012,0.0012
13.11.2023 06:30:42.579 GMT-0800,131.88299999999998,131.847,0.0012,0.0012
13.11.2023 06:30:42.679 GMT-0800,131.903,131.857,0.0012,0.0012
13.11.2023 06:30:42.743 GMT-0800,131.88299999999998,131.847,0.0012,0.0012
13.11.2023 06:30:42.844 GMT-0800,131.88299999999998,131.83700000000002,0.0012,0.0012
13.11.2023 06:30:42.894 GMT-0800,131.88299999999998,131.847,0.0012,0.0012
13.11.2023 06:30:43.184 GMT-0800,131.884,131.836,0.0012,0.0012
13.11.2023 06:30:43.271 GMT-0800,131.853,131.817,0.0012,0.0012
13.11.2023 06:30:43.446 GMT-0800,131.834,131.796,0.0012,0.0012
13.11.2023 06:30:43.497 GMT-0800,131.834,131.786,0.0012,0.0012
13.11.2023 06:30:43.568 GMT-0800,131.833,131.797,0.0012,0.0012
13.11.2023 06:30:43.657 GMT-0800,131.843,131.797,0.0012,0.0012
13.11.2023 06:30:43.846 GMT-0800,131.843,131.77700000000002,0.0012,0.0012
13.11.2023 06:30:43.897 GMT-0800,131.823,131.77700000000002,0.0012,0.0012
13.11.2023 06:30:44.239 GMT-0800,131.824,131.786,0.0012,0.0012
13.11.2023 06:30:44.289 GMT-0800,131.844,131.796,0.0012,0.0012
13.11.2023 06:30:44.340 GMT-0800,131.844,131.776,0.0012,0.0012
13.11.2023 06:30:44.670 GMT-0800,131.843,131.797,0.0012,0.0012
13.11.2023 06:30:45.289 GMT-0800,131.844,131.806,0.0012,0.0012
13.11.2023 06:30:45.339 GMT-0800,131.853,131.797,0.0012,0.0012
13.11.2023 06:30:45.390 GMT-0800,131.844,131.796,0.0012,0.0012
13.11.2023 06:30:45.552 GMT-0800,131.844,131.806,0.0012,0.0012
13.11.2023 06:30:45.774 GMT-0800,131.843,131.817,0.0012,0.0012
13.11.2023 06:30:45.835 GMT-0800,131.843,131.80700000000002,0.0012,0.0012
13.11.2023 06:30:45.953 GMT-0800,131.843,131.817,0.0012,0.0012
13.11.2023 06:30:46.021 GMT-0800,131.844,131.806,0.0012,0.0012
13.11.2023 06:30:46.125 GMT-0800,131.843,131.817,0.0012,0.0012
13.11.2023 06:30:46.376 GMT-0800,131.863,131.817,0.0012,0.0012
13.11.2023 06:30:46.427 GMT-0800,131.88299999999998,131.83700000000002,0.0012,0.0012
13.11.2023 06:30:46.507 GMT-0800,131.88299999999998,131.827,0.0012,0.0012
13.11.2023 06:30:46.558 GMT-0800,131.884,131.836,0.0012,0.0012
13.11.2023 06:30:46.609 GMT-0800,131.884,131.826,0.0012,0.0012
13.11.2023 06:30:46.701 GMT-0800,131.88299999999998,131.83700000000002,0.0012,0.0012
13.11.2023 06:30:46.790 GMT-0800,131.884,131.826,0.0012,0.0012
13.11.2023 06:30:46.841 GMT-0800,131.884,131.836,0.0012,0.0012
13.11.2023 06:30:46.947 GMT-0800,131.884,131.826,0.0012,0.0012
13.11.2023 06:30:47.048 GMT-0800,131.884,131.836,0.0012,0.0012
13.11.2023 06:30:47.448 GMT-0800,131.884,131.846,0.0012,0.0012
13.11.2023 06:30:47.499 GMT-0800,131.884,131.836,0.0012,0.0012
13.11.2023 06:30:47.691 GMT-0800,131.904,131.856,0.0012,0.0012
13.11.2023 06:30:47.935 GMT-0800,131.884,131.836,0.0012,0.0012
13.11.2023 06:30:48.052 GMT-0800,131.903,131.857,0.0012,0.0012
13.11.2023 06:30:48.326 GMT-0800,131.88299999999998,131.847,0.0012,0.0012
13.11.2023 06:30:48.377 GMT-0800,131.88299999999998,131.83700000000002,0.0012,0.0012
13.11.2023 06:30:48.895 GMT-0800,131.884,131.846,0.0012,0.0012
13.11.2023 06:30:49.027 GMT-0800,131.914,131.856,0.0012,0.0012
13.11.2023 06:30:49.315 GMT-0800,131.923,131.887,0.0012,0.0012
13.11.2023 06:30:49.520 GMT-0800,131.924,131.876,0.0012,0.0012
13.11.2023 06:30:49.859 GMT-0800,131.933,131.877,0.0012,0.0012
13.11.2023 06:30:50.408 GMT-0800,131.933,131.887,0.0012,0.0012
13.11.2023 06:30:50.458 GMT-0800,131.934,131.876,0.0012,0.0012
13.11.2023 06:30:50.549 GMT-0800,131.91299999999998,131.877,0.0012,0.0012
13.11.2023 06:30:50.599 GMT-0800,131.904,131.856,0.0012,0.0012
13.11.2023 06:30:50.687 GMT-0800,131.88299999999998,131.857,0.0012,0.0012
13.11.2023 06:30:50.738 GMT-0800,131.88299999999998,131.83700000000002,0.0012,0.0012
13.11.2023 06:30:50.920 GMT-0800,131.884,131.846,0.0012,0.0012
13.11.2023 06:30:50.971 GMT-0800,131.88299999999998,131.83700000000002,0.0012,0.0012
13.11.2023 06:30:51.438 GMT-0800,131.874,131.836,0.0012,0.0012
13.11.2023 06:30:51.489 GMT-0800,131.88299999999998,131.83700000000002,0.0012,0.0012
13.11.2023 06:30:51.571 GMT-0800,131.884,131.846,0.0012,0.0012
13.11.2023 06:30:53.491 GMT-0800,131.914,131.876,0.0012,0.0012
13.11.2023 06:30:53.643 GMT-0800,131.91299999999998,131.86700000000002,0.0012,0.0012
13.11.2023 06:30:53.830 GMT-0800,131.894,131.856,0.0012,0.0012
13.11.2023 06:30:53.968 GMT-0800,131.874,131.846,0.0012,0.0012
13.11.2023 06:30:54.275 GMT-0800,131.893,131.857,0.0012,0.0012
13.11.2023 06:30:54.326 GMT-0800,131.903,131.857,0.0012,0.0012
13.11.2023 06:30:54.376 GMT-0800,131.914,131.876,0.0012,0.0012
13.11.2023 06:30:54.910 GMT-0800,131.904,131.866,0.0012,0.0012
13.11.2023 06:30:54.961 GMT-0800,131.904,131.856,0.0012,0.0012
13.11.2023 06:30:55.472 GMT-0800,131.893,131.857,0.0012,0.0012
13.11.2023 06:30:55.523 GMT-0800,131.904,131.856,0.0012,0.0012
13.11.2023 06:30:55.724 GMT-0800,131.893,131.857,0.0012,0.0012
13.11.2023 06:30:55.775 GMT-0800,131.903,131.857,0.0012,0.0012
13.11.2023 06:30:55.959 GMT-0800,131.894,131.856,0.0012,0.0012
13.11.2023 06:30:56.010 GMT-0800,131.903,131.857,0.0012,0.0012
13.11.2023 06:30:56.079 GMT-0800,131.894,131.856,0.0012,0.0012
13.11.2023 06:30:56.130 GMT-0800,131.904,131.856,0.0012,0.0012
13.11.2023 06:30:56.238 GMT-0800,131.914,131.876,0.0012,0.0012
13.11.2023 06:30:56.338 GMT-0800,131.934,131.876,0.0012,0.0012
13.11.2023 06:30:56.558 GMT-0800,131.914,131.876,0.0012,0.0012
13.11.2023 06:30:56.797 GMT-0800,131.903,131.877,0.0012,0.0012
13.11.2023 06:30:56.898 GMT-0800,131.91299999999998,131.887,0.0012,0.0012
13.11.2023 06:30:57.141 GMT-0800,131.933,131.907,0.0012,0.0012
13.11.2023 06:30:57.192 GMT-0800,131.954,131.906,0.0012,0.0012
13.11.2023 06:30:57.281 GMT-0800,131.953,131.89700000000002,0.0012,0.0012
13.11.2023 06:30:57.376 GMT-0800,131.954,131.906,0.0012,0.0012
13.11.2023 06:30:57.575 GMT-0800,131.953,131.89700000000002,0.0012,0.0012
13.11.2023 06:30:57.737 GMT-0800,131.924,131.886,0.0012,0.0012
13.11.2023 06:30:58.118 GMT-0800,131.933,131.89700000000002,0.0012,0.0012
13.11.2023 06:30:58.328 GMT-0800,131.953,131.907,0.0012,0.0012
13.11.2023 06:30:58.429 GMT-0800,131.963,131.917,0.0012,0.0012
13.11.2023 06:30:58.720 GMT-0800,131.954,131.916,0.0012,0.0012
13.11.2023 06:30:58.844 GMT-0800,131.94299999999998,131.917,0.0012,0.0012
13.11.2023 06:30:58.894 GMT-0800,131.953,131.917,0.0012,0.0012
13.11.2023 06:30:58.945 GMT-0800,131.94299999999998,131.907,0.0012,0.0012
13.11.2023 06:30:59.140 GMT-0800,131.934,131.89600000000002,0.0012,0.0012
13.11.2023 06:30:59.378 GMT-0800,131.944,131.89600000000002,0.0012,0.0012
13.11.2023 06:30:59.575 GMT-0800,131.94299999999998,131.887,0.0012,0.0012
13.11.2023 06:30:59.626 GMT-0800,131.914,131.876,0.0012,0.0012
13.11.2023 06:30:59.690 GMT-0800,131.91299999999998,131.857,0.0012,0.0012
13.11.2023 06:30:59.796 GMT-0800,131.94299999999998,131.89700000000002,0.0012,0.0012
13.11.2023 06:30:59.910 GMT-0800,131.944,131.876,0.0012,0.0012
13.11.2023 06:30:59.960 GMT-0800,131.934,131.89600000000002,0.0012,0.0012
13.11.2023 06:31:00.011 GMT-0800,131.923,131.877,0.0012,0.0012
13.11.2023 06:31:00.062 GMT-0800,131.94299999999998,131.89700000000002,0.0012,0.0012
13.11.2023 06:31:00.213 GMT-0800,131.924,131.876,0.0012,0.0012
13.11.2023 06:31:00.346 GMT-0800,131.924,131.886,0.0012,0.0012
13.11.2023 06:31:00.396 GMT-0800,131.924,131.876,0.0012,0.0012
13.11.2023 06:31:00.447 GMT-0800,131.91299999999998,131.887,0.0012,0.0012
13.11.2023 06:31:00.548 GMT-0800,131.924,131.876,0.0012,0.0012
13.11.2023 06:31:00.918 GMT-0800,131.923,131.887,0.0012,0.0012
13.11.2023 06:31:01.086 GMT-0800,131.924,131.866,0.0012,0.0012
13.11.2023 06:31:01.138 GMT-0800,131.894,131.856,0.0012,0.0012
13.11.2023 06:31:01.240 GMT-0800,131.894,131.866,0.0012,0.0012
13.11.2023 06:31:01.290 GMT-0800,131.903,131.86700000000002,0.0012,0.0012
13.11.2023 06:31:01.341 GMT-0800,131.904,131.856,0.0012,0.0012
13.11.2023 06:31:01.441 GMT-0800,131.904,131.866,0.0012,0.0012
13.11.2023 06:31:01.534 GMT-0800,131.923,131.877,0.0012,0.0012
13.11.2023 06:31:01.974 GMT-0800,131.933,131.89700000000002,0.0012,0.0012
13.11.2023 06:31:02.125 GMT-0800,131.944,131.89600000000002,0.0012,0.0012
13.11.2023 06:31:02.189 GMT-0800,131.94299999999998,131.907,0.0012,0.0012
13.11.2023 06:31:02.290 GMT-0800,131.94299999999998,131.89700000000002,0.0012,0.0012
13.11.2023 06:31:02.340 GMT-0800,131.944,131.906,0.0012,0.0012
13.11.2023 06:31:02.441 GMT-0800,131.963,131.92700000000002,0.0012,0.0012
13.11.2023 06:31:02.542 GMT-0800,131.97299999999998,131.92700000000002,0.0012,0.0012
13.11.2023 06:31:02.593 GMT-0800,131.97299999999998,131.917,0.0012,0.0012
13.11.2023 06:31:02.732 GMT-0800,131.974,131.936,0.0012,0.0012
13.11.2023 06:31:02.843 GMT-0800,131.97299999999998,131.92700000000002,0.0012,0.0012
13.11.2023 06:31:02.988 GMT-0800,131.974,131.916,0.0012,0.0012
13.11.2023 06:31:03.039 GMT-0800,131.953,131.917,0.0012,0.0012
13.11.2023 06:31:03.266 GMT-0800,131.954,131.906,0.0012,0.0012
13.11.2023 06:31:03.317 GMT-0800,131.953,131.917,0.0012,0.0012
13.11.2023 06:31:04.151 GMT-0800,131.953,131.92700000000002,0.0012,0.0012
13.11.2023 06:31:04.202 GMT-0800,131.953,131.917,0.0012,0.0012
13.11.2023 06:31:04.379 GMT-0800,131.954,131.92600000000002,0.0012,0.0012
13.11.2023 06:31:04.547 GMT-0800,131.953,131.937,0.0012,0.0012
13.11.2023 06:31:04.947 GMT-0800,131.954,131.92600000000002,0.0012,0.0012
13.11.2023 06:31:05.440 GMT-0800,131.994,131.95600000000002,0.0012,0.0012
13.11.2023 06:31:05.491 GMT-0800,131.974,131.936,0.0012,0.0012
13.11.2023 06:31:05.603 GMT-0800,131.963,131.92700000000002,0.0012,0.0012
13.11.2023 06:31:05.858 GMT-0800,131.964,131.916,0.0012,0.0012
13.11.2023 06:31:05.909 GMT-0800,131.963,131.92700000000002,0.0012,0.0012
13.11.2023 06:31:06.019 GMT-0800,131.934,131.89600000000002,0.0012,0.0012
13.11.2023 06:31:06.120 GMT-0800,131.934,131.916,0.0012,0.0012
13.11.2023 06:31:06.388 GMT-0800,131.953,131.917,0.0012,0.0012
13.11.2023 06:31:06.517 GMT-0800,131.964,131.92600000000002,0.0012,0.0012
13.11.2023 06:31:06.568 GMT-0800,131.964,131.916,0.0012,0.0012
13.11.2023 06:31:06.689 GMT-0800,131.953,131.917,0.0012,0.0012
13.11.2023 06:31:06.761 GMT-0800,131.964,131.916,0.0012,0.0012
13.11.2023 06:31:07.034 GMT-0800,131.954,131.916,0.0012,0.0012
13.11.2023 06:31:07.363 GMT-0800,131.963,131.917,0.0012,0.0012
13.11.2023 06:31:07.413 GMT-0800,131.97299999999998,131.92700000000002,0.0012,0.0012
13.11.2023 06:31:07.599 GMT-0800,131.97299999999998,131.937,0.0012,0.0012
13.11.2023 06:31:07.650 GMT-0800,131.97299999999998,131.92700000000002,0.0012,0.0012
13.11.2023 06:31:07.700 GMT-0800,131.944,131.906,0.0012,0.0012
13.11.2023 06:31:07.801 GMT-0800,131.94299999999998,131.89700000000002,0.0012,0.0012
13.11.2023 06:31:07.852 GMT-0800,131.933,131.89700000000002,0.0012,0.0012
13.11.2023 06:31:07.953 GMT-0800,131.953,131.917,0.0012,0.0012
13.11.2023 06:31:08.054 GMT-0800,131.974,131.936,0.0012,0.0012
13.11.2023 06:31:08.408 GMT-0800,131.97299999999998,131.92700000000002,0.0012,0.0012
13.11.2023 06:31:08.491 GMT-0800,131.97299999999998,131.937,0.0012,0.0012
13.11.2023 06:31:08.542 GMT-0800,131.974,131.92600000000002,0.0012,0.0012
13.11.2023 06:31:08.788 GMT-0800,131.97299999999998,131.917,0.0012,0.0012
13.11.2023 06:31:08.951 GMT-0800,131.953,131.917,0.0012,0.0012
13.11.2023 06:31:09.167 GMT-0800,131.953,131.92700000000002,0.0012,0.0012
13.11.2023 06:31:09.218 GMT-0800,131.934,131.89600000000002,0.0012,0.0012
13.11.2023 06:31:09.271 GMT-0800,131.944,131.89600000000002,0.0012,0.0012
13.11.2023 06:31:09.406 GMT-0800,131.934,131.89600000000002,0.0012,0.0012
13.11.2023 06:31:09.579 GMT-0800,131.944,131.89600000000002,0.0012,0.0012
13.11.2023 06:31:09.630 GMT-0800,131.933,131.89700000000002,0.0012,0.0012
13.11.2023 06:31:09.686 GMT-0800,131.894,131.876,0.0012,0.0012
13.11.2023 06:31:09.737 GMT-0800,131.904,131.876,0.0012,0.0012
13.11.2023 06:31:09.788 GMT-0800,131.91299999999998,131.877,0.0012,0.0012
13.11.2023 06:31:09.889 GMT-0800,131.903,131.857,0.0012,0.0012
13.11.2023 06:31:09.939 GMT-0800,131.894,131.856,0.0012,0.0012
13.11.2023 06:31:10.045 GMT-0800,131.863,131.83700000000002,0.0012,0.0012
13.11.2023 06:31:10.512 GMT-0800,131.853,131.83700000000002,0.0012,0.0012
13.11.2023 06:31:11.017 GMT-0800,131.864,131.826,0.0012,0.0012
13.11.2023 06:31:11.068 GMT-0800,131.873,131.83700000000002,0.0012,0.0012
13.11.2023 06:31:11.219 GMT-0800,131.88299999999998,131.86700000000002,0.0012,0.0012
13.11.2023 06:31:11.370 GMT-0800,131.893,131.86700000000002,0.0012,0.0012
13.11.2023 06:31:11.421 GMT-0800,131.904,131.866,0.0012,0.0012
13.11.2023 06:31:11.471 GMT-0800,131.903,131.877,0.0012,0.0012
13.11.2023 06:31:11.522 GMT-0800,131.914,131.876,0.0012,0.0012
13.11.2023 06:31:11.573 GMT-0800,131.893,131.86700000000002,0.0012,0.0012
13.11.2023 06:31:11.727 GMT-0800,131.904,131.866,0.0012,0.0012
13.11.2023 06:31:11.954 GMT-0800,131.894,131.866,0.0012,0.0012
13.11.2023 06:31:12.005 GMT-0800,131.904,131.866,0.0012,0.0012
13.11.2023 06:31:12.212 GMT-0800,131.914,131.876,0.0012,0.0012
13.11.2023 06:31:12.340 GMT-0800,131.91299999999998,131.86700000000002,0.0012,0.0012
13.11.2023 06:31:12.390 GMT-0800,131.88299999999998,131.857,0.0012,0.0012
13.11.2023 06:31:12.586 GMT-0800,131.903,131.877,0.0012,0.0012
13.11.2023 06:31:12.866 GMT-0800,131.88299999999998,131.847,0.0012,0.0012
13.11.2023 06:31:12.917 GMT-0800,131.884,131.856,0.0012,0.0012
13.11.2023 06:31:13.019 GMT-0800,131.894,131.856,0.0012,0.0012
13.11.2023 06:31:13.412 GMT-0800,131.894,131.866,0.0012,0.0012
13.11.2023 06:31:13.462 GMT-0800,131.894,131.856,0.0012,0.0012
13.11.2023 06:31:14.043 GMT-0800,131.893,131.847,0.0012,0.0012
13.11.2023 06:31:14.153 GMT-0800,131.884,131.846,0.0012,0.0012
13.11.2023 06:31:14.577 GMT-0800,131.88299999999998,131.857,0.0012,0.0012
13.11.2023 06:31:14.688 GMT-0800,131.88299999999998,131.847,0.0012,0.0012
13.11.2023 06:31:14.739 GMT-0800,131.864,131.826,0.0012,0.0012
13.11.2023 06:31:14.849 GMT-0800,131.864,131.816,0.0012,0.0012
13.11.2023 06:31:14.899 GMT-0800,131.853,131.817,0.0012,0.0012
13.11.2023 06:31:15.094 GMT-0800,131.864,131.816,0.0012,0.0012
13.11.2023 06:31:15.311 GMT-0800,131.874,131.816,0.0012,0.0012
13.11.2023 06:31:15.362 GMT-0800,131.88299999999998,131.83700000000002,0.0012,0.0012
13.11.2023 06:31:15.678 GMT-0800,131.873,131.83700000000002,0.0012,0.0012
13.11.2023 06:31:16.195 GMT-0800,131.874,131.846,0.0012,0.0012
13.11.2023 06:31:16.245 GMT-0800,131.873,131.83700000000002,0.0012,0.0012
13.11.2023 06:31:17.012 GMT-0800,131.874,131.846,0.0012,0.0012
13.11.2023 06:31:17.154 GMT-0800,131.91299999999998,131.877,0.0012,0.0012
13.11.2023 06:31:17.226 GMT-0800,131.924,131.89600000000002,0.0012,0.0012
13.11.2023 06:31:17.277 GMT-0800,131.924,131.886,0.0012,0.0012
13.11.2023 06:31:17.328 GMT-0800,131.933,131.89700000000002,0.0012,0.0012
13.11.2023 06:31:17.429 GMT-0800,131.924,131.886,0.0012,0.0012
13.11.2023 06:31:17.480 GMT-0800,131.923,131.877,0.0012,0.0012
13.11.2023 06:31:17.581 GMT-0800,131.91299999999998,131.877,0.0012,0.0012
13.11.2023 06:31:17.669 GMT-0800,131.914,131.866,0.0012,0.0012
13.11.2023 06:31:17.720 GMT-0800,131.914,131.876,0.0012,0.0012
13.11.2023 06:31:17.905 GMT-0800,131.904,131.876,0.0012,0.0012
13.11.2023 06:31:17.956 GMT-0800,131.894,131.856,0.0012,0.0012
13.11.2023 06:31:18.057 GMT-0800,131.914,131.866,0.0012,0.0012
13.11.2023 06:31:18.108 GMT-0800,131.914,131.876,0.0012,0.0012
13.11.2023 06:31:18.210 GMT-0800,131.91299999999998,131.887,0.0012,0.0012
13.11.2023 06:31:18.260 GMT-0800,131.91299999999998,131.877,0.0012,0.0012
13.11.2023 06:31:19.360 GMT-0800,131.91299999999998,131.857,0.0012,0.0012
13.11.2023 06:31:19.410 GMT-0800,131.874,131.846,0.0012,0.0012
13.11.2023 06:31:19.521 GMT-0800,131.873,131.817,0.0012,0.0012
13.11.2023 06:31:19.581 GMT-0800,131.864,131.816,0.0012,0.0012
13.11.2023 06:31:19.757 GMT-0800,131.873,131.817,0.0012,0.0012
13.11.2023 06:31:20.037 GMT-0800,131.834,131.816,0.0012,0.0012
13.11.2023 06:31:20.087 GMT-0800,131.843,131.817,0.0012,0.0012
13.11.2023 06:31:20.138 GMT-0800,131.85399999999998,131.816,0.0012,0.0012
13.11.2023 06:31:20.200 GMT-0800,131.844,131.816,0.0012,0.0012
13.11.2023 06:31:20.250 GMT-0800,131.853,131.817,0.0012,0.0012
13.11.2023 06:31:20.301 GMT-0800,131.85399999999998,131.796,0.0012,0.0012
13.11.2023 06:31:20.669 GMT-0800,131.843,131.797,0.0012,0.0012
13.11.2023 06:31:20.921 GMT-0800,131.834,131.796,0.0012,0.0012
13.11.2023 06:31:21.159 GMT-0800,131.843,131.797,0.0012,0.0012
13.11.2023 06:31:21.268 GMT-0800,131.833,131.797,0.0012,0.0012
13.11.2023 06:31:22.164 GMT-0800,131.833,131.80700000000002,0.0012,0.0012
13.11.2023 06:31:22.214 GMT-0800,131.834,131.796,0.0012,0.0012
13.11.2023 06:31:22.426 GMT-0800,131.813,131.77700000000002,0.0012,0.0012
13.11.2023 06:31:22.477 GMT-0800,131.823,131.77700000000002,0.0012,0.0012
13.11.2023 06:31:22.578 GMT-0800,131.814,131.776,0.0012,0.0012
13.11.2023 06:31:22.679 GMT-0800,131.803,131.767,0.0012,0.0012
13.11.2023 06:31:22.794 GMT-0800,131.814,131.76600000000002,0.0012,0.0012
13.11.2023 06:31:23.542 GMT-0800,131.794,131.76600000000002,0.0012,0.0012
13.11.2023 06:31:23.592 GMT-0800,131.794,131.756,0.0012,0.0012
13.11.2023 06:31:23.922 GMT-0800,131.773,131.757,0.0012,0.0012
13.11.2023 06:31:24.040 GMT-0800,131.784,131.756,0.0012,0.0012
13.11.2023 06:31:24.153 GMT-0800,131.794,131.756,0.0012,0.0012
13.11.2023 06:31:24.528 GMT-0800,131.793,131.767,0.0012,0.0012
13.11.2023 06:31:24.579 GMT-0800,131.803,131.767,0.0012,0.0012
13.11.2023 06:31:24.815 GMT-0800,131.803,131.787,0.0012,0.0012
13.11.2023 06:31:24.971 GMT-0800,131.814,131.786,0.0012,0.0012
13.11.2023 06:31:25.022 GMT-0800,131.823,131.797,0.0012,0.0012
13.11.2023 06:31:25.104 GMT-0800,131.833,131.797,0.0012,0.0012
13.11.2023 06:31:25.226 GMT-0800,131.813,131.787,0.0012,0.0012
13.11.2023 06:31:25.537 GMT-0800,131.803,131.767,0.0012,0.0012
13.11.2023 06:31:25.763 GMT-0800,131.793,131.757,0.0012,0.0012
13.11.2023 06:31:25.908 GMT-0800,131.793,131.767,0.0012,0.0012
13.11.2023 06:31:25.959 GMT-0800,131.793,131.757,0.0012,0.0012
13.11.2023 06:31:26.010 GMT-0800,131.793,131.767,0.0012,0.0012
13.11.2023 06:31:26.111 GMT-0800,131.793,131.757,0.0012,0.0012
13.11.2023 06:31:26.162 GMT-0800,131.793,131.767,0.0012,0.0012
13.11.2023 06:31:26.212 GMT-0800,131.804,131.756,0.0012,0.0012
13.11.2023 06:31:26.280 GMT-0800,131.793,131.757,0.0012,0.0012
13.11.2023 06:31:26.381 GMT-0800,131.813,131.77700000000002,0.0012,0.0012
13.11.2023 06:31:26.598 GMT-0800,131.794,131.76600000000002,0.0012,0.0012
13.11.2023 06:31:26.847 GMT-0800,131.794,131.756,0.0012,0.0012
13.11.2023 06:31:26.926 GMT-0800,131.793,131.767,0.0012,0.0012
13.11.2023 06:31:26.977 GMT-0800,131.804,131.76600000000002,0.0012,0.0012
13.11.2023 06:31:27.063 GMT-0800,131.804,131.756,0.0012,0.0012
13.11.2023 06:31:27.164 GMT-0800,131.804,131.76600000000002,0.0012,0.0012
13.11.2023 06:31:27.311 GMT-0800,131.803,131.757,0.0012,0.0012
13.11.2023 06:31:27.361 GMT-0800,131.804,131.76600000000002,0.0012,0.0012
13.11.2023 06:31:27.412 GMT-0800,131.814,131.76600000000002,0.0012,0.0012
13.11.2023 06:31:27.606 GMT-0800,131.814,131.776,0.0012,0.0012
13.11.2023 06:31:27.745 GMT-0800,131.813,131.767,0.0012,0.0012
13.11.2023 06:31:27.845 GMT-0800,131.833,131.77700000000002,0.0012,0.0012
13.11.2023 06:31:27.993 GMT-0800,131.834,131.786,0.0012,0.0012
13.11.2023 06:31:28.154 GMT-0800,131.794,131.756,0.0012,0.0012
13.11.2023 06:31:28.382 GMT-0800,131.813,131.767,0.0012,0.0012
13.11.2023 06:31:28.628 GMT-0800,131.793,131.757,0.0012,0.0012
13.11.2023 06:31:28.729 GMT-0800,131.783,131.757,0.0012,0.0012
13.11.2023 06:31:29.063 GMT-0800,131.773,131.747,0.0012,0.0012
13.11.2023 06:31:29.633 GMT-0800,131.784,131.756,0.0012,0.0012
13.11.2023 06:31:29.760 GMT-0800,131.793,131.767,0.0012,0.0012
13.11.2023 06:31:29.811 GMT-0800,131.803,131.767,0.0012,0.0012
13.11.2023 06:31:29.960 GMT-0800,131.803,131.77700000000002,0.0012,0.0012
13.11.2023 06:31:30.014 GMT-0800,131.834,131.776,0.0012,0.0012
13.11.2023 06:31:30.184 GMT-0800,131.834,131.786,0.0012,0.0012
13.11.2023 06:31:30.326 GMT-0800,131.833,131.797,0.0012,0.0012
13.11.2023 06:31:30.448 GMT-0800,131.874,131.826,0.0012,0.0012
13.11.2023 06:31:30.711 GMT-0800,131.873,131.83700000000002,0.0012,0.0012
13.11.2023 06:31:30.761 GMT-0800,131.873,131.827,0.0012,0.0012
13.11.2023 06:31:30.883 GMT-0800,131.874,131.816,0.0012,0.0012
13.11.2023 06:31:31.021 GMT-0800,131.853,131.817,0.0012,0.0012
13.11.2023 06:31:31.484 GMT-0800,131.874,131.836,0.0012,0.0012
13.11.2023 06:31:31.537 GMT-0800,131.893,131.83700000000002,0.0012,0.0012
13.11.2023 06:31:31.881 GMT-0800,131.873,131.83700000000002,0.0012,0.0012
13.11.2023 06:31:32.065 GMT-0800,131.894,131.856,0.0012,0.0012
13.11.2023 06:31:32.166 GMT-0800,131.914,131.866,0.0012,0.0012
13.11.2023 06:31:32.286 GMT-0800,131.914,131.856,0.0012,0.0012
13.11.2023 06:31:32.346 GMT-0800,131.91299999999998,131.877,0.0012,0.0012
13.11.2023 06:31:32.491 GMT-0800,131.923,131.877,0.0012,0.0012
13.11.2023 06:31:32.593 GMT-0800,131.91299999999998,131.877,0.0012,0.0012
13.11.2023 06:31:32.740 GMT-0800,131.893,131.857,0.0012,0.0012
13.11.2023 06:31:32.893 GMT-0800,131.884,131.846,0.0012,0.0012
13.11.2023 06:31:33.163 GMT-0800,131.874,131.846,0.0012,0.0012
13.11.2023 06:31:33.214 GMT-0800,131.884,131.846,0.0012,0.0012
13.11.2023 06:31:33.265 GMT-0800,131.874,131.846,0.0012,0.0012
13.11.2023 06:31:33.512 GMT-0800,131.884,131.856,0.0012,0.0012
13.11.2023 06:31:33.562 GMT-0800,131.894,131.846,0.0012,0.0012
13.11.2023 06:31:33.924 GMT-0800,131.873,131.847,0.0012,0.0012
13.11.2023 06:31:33.975 GMT-0800,131.88299999999998,131.847,0.0012,0.0012
13.11.2023 06:31:34.247 GMT-0800,131.894,131.846,0.0012,0.0012
13.11.2023 06:31:34.298 GMT-0800,131.904,131.866,0.0012,0.0012
13.11.2023 06:31:34.349 GMT-0800,131.904,131.856,0.0012,0.0012
13.11.2023 06:31:34.399 GMT-0800,131.894,131.856,0.0012,0.0012
13.11.2023 06:31:34.523 GMT-0800,131.904,131.866,0.0012,0.0012
13.11.2023 06:31:34.776 GMT-0800,131.904,131.856,0.0012,0.0012
13.11.2023 06:31:34.826 GMT-0800,131.894,131.856,0.0012,0.0012
13.11.2023 06:31:35.002 GMT-0800,131.903,131.877,0.0012,0.0012
13.11.2023 06:31:35.053 GMT-0800,131.934,131.886,0.0012,0.0012
13.11.2023 06:31:35.188 GMT-0800,131.924,131.886,0.0012,0.0012
13.11.2023 06:31:35.536 GMT-0800,131.914,131.876,0.0012,0.0012
13.11.2023 06:31:35.748 GMT-0800,131.903,131.877,0.0012,0.0012
13.11.2023 06:31:35.798 GMT-0800,131.914,131.876,0.0012,0.0012
13.11.2023 06:31:35.888 GMT-0800,131.91299999999998,131.887,0.0012,0.0012
13.11.2023 06:31:36.010 GMT-0800,131.914,131.876,0.0012,0.0012
13.11.2023 06:31:36.236 GMT-0800,131.91299999999998,131.86700000000002,0.0012,0.0012
13.11.2023 06:31:36.553 GMT-0800,131.91299999999998,131.877,0.0012,0.0012
13.11.2023 06:31:36.998 GMT-0800,131.894,131.866,0.0012,0.0012
13.11.2023 06:31:37.099 GMT-0800,131.88299999999998,131.86700000000002,0.0012,0.0012
13.11.2023 06:31:38.123 GMT-0800,131.873,131.847,0.0012,0.0012
13.11.2023 06:31:38.173 GMT-0800,131.863,131.83700000000002,0.0012,0.0012
13.11.2023 06:31:38.238 GMT-0800,131.873,131.83700000000002,0.0012,0.0012
13.11.2023 06:31:39.012 GMT-0800,131.873,131.857,0.0012,0.0012
13.11.2023 06:31:39.204 GMT-0800,131.873,131.83700000000002,0.0012,0.0012
13.11.2023 06:31:39.254 GMT-0800,131.864,131.836,0.0012,0.0012
13.11.2023 06:31:39.305 GMT-0800,131.874,131.836,0.0012,0.0012
13.11.2023 06:31:39.534 GMT-0800,131.863,131.83700000000002,0.0012,0.0012
13.11.2023 06:31:39.661 GMT-0800,131.844,131.806,0.0012,0.0012
13.11.2023 06:31:39.712 GMT-0800,131.853,131.80700000000002,0.0012,0.0012
13.11.2023 06:31:39.899 GMT-0800,131.834,131.806,0.0012,0.0012
13.11.2023 06:31:40.216 GMT-0800,131.85399999999998,131.816,0.0012,0.0012
13.11.2023 06:31:40.266 GMT-0800,131.853,131.827,0.0012,0.0012
13.11.2023 06:31:40.440 GMT-0800,131.844,131.816,0.0012,0.0012
13.11.2023 06:31:41.085 GMT-0800,131.85399999999998,131.816,0.0012,0.0012
13.11.2023 06:31:41.351 GMT-0800,131.844,131.816,0.0012,0.0012
13.11.2023 06:31:42.147 GMT-0800,131.834,131.816,0.0012,0.0012
13.11.2023 06:31:42.198 GMT-0800,131.833,131.797,0.0012,0.0012
13.11.2023 06:31:42.781 GMT-0800,131.843,131.797,0.0012,0.0012
13.11.2023 06:31:42.831 GMT-0800,131.834,131.796,0.0012,0.0012
13.11.2023 06:31:43.157 GMT-0800,131.824,131.786,0.0012,0.0012
13.11.2023 06:31:43.308 GMT-0800,131.804,131.76600000000002,0.0012,0.0012
13.11.2023 06:31:43.409 GMT-0800,131.803,131.77700000000002,0.0012,0.0012
13.11.2023 06:31:43.505 GMT-0800,131.803,131.757,0.0012,0.0012
13.11.2023 06:31:43.566 GMT-0800,131.793,131.757,0.0012,0.0012
13.11.2023 06:31:43.620 GMT-0800,131.804,131.756,0.0012,0.0012
13.11.2023 06:31:43.670 GMT-0800,131.794,131.756,0.0012,0.0012
13.11.2023 06:31:43.721 GMT-0800,131.804,131.756,0.0012,0.0012
13.11.2023 06:31:44.242 GMT-0800,131.794,131.756,0.0012,0.0012
13.11.2023 06:31:44.525 GMT-0800,131.784,131.746,0.0012,0.0012
13.11.2023 06:31:44.635 GMT-0800,131.774,131.746,0.0012,0.0012
13.11.2023 06:31:45.146 GMT-0800,131.773,131.757,0.0012,0.0012
13.11.2023 06:31:45.196 GMT-0800,131.794,131.76600000000002,0.0012,0.0012
13.11.2023 06:31:45.632 GMT-0800,131.804,131.76600000000002,0.0012,0.0012
13.11.2023 06:31:45.683 GMT-0800,131.803,131.757,0.0012,0.0012
13.11.2023 06:31:45.735 GMT-0800,131.783,131.757,0.0012,0.0012
13.11.2023 06:31:45.915 GMT-0800,131.784,131.746,0.0012,0.0012
13.11.2023 06:31:46.058 GMT-0800,131.784,131.756,0.0012,0.0012
13.11.2023 06:31:46.129 GMT-0800,131.783,131.747,0.0012,0.0012
13.11.2023 06:31:46.230 GMT-0800,131.773,131.747,0.0012,0.0012
13.11.2023 06:31:46.280 GMT-0800,131.784,131.746,0.0012,0.0012
13.11.2023 06:31:46.339 GMT-0800,131.774,131.746,0.0012,0.0012
13.11.2023 06:31:46.667 GMT-0800,131.784,131.746,0.0012,0.0012
13.11.2023 06:31:46.788 GMT-0800,131.793,131.757,0.0012,0.0012
13.11.2023 06:31:46.913 GMT-0800,131.814,131.776,0.0012,0.0012
13.11.2023 06:31:47.152 GMT-0800,131.834,131.776,0.0012,0.0012
13.11.2023 06:31:47.220 GMT-0800,131.814,131.776,0.0012,0.0012
13.11.2023 06:31:47.271 GMT-0800,131.833,131.77700000000002,0.0012,0.0012
13.11.2023 06:31:47.321 GMT-0800,131.834,131.786,0.0012,0.0012
13.11.2023 06:31:47.422 GMT-0800,131.823,131.787,0.0012,0.0012
13.11.2023 06:31:47.502 GMT-0800,131.824,131.776,0.0012,0.0012
13.11.2023 06:31:47.622 GMT-0800,131.834,131.776,0.0012,0.0012
13.11.2023 06:31:47.703 GMT-0800,131.824,131.796,0.0012,0.0012
13.11.2023 06:31:48.223 GMT-0800,131.844,131.796,0.0012,0.0012
13.11.2023 06:31:48.274 GMT-0800,131.844,131.816,0.0012,0.0012
13.11.2023 06:31:48.382 GMT-0800,131.873,131.817,0.0012,0.0012
13.11.2023 06:31:48.432 GMT-0800,131.874,131.846,0.0012,0.0012
13.11.2023 06:31:48.483 GMT-0800,131.884,131.846,0.0012,0.0012
13.11.2023 06:31:48.584 GMT-0800,131.88299999999998,131.83700000000002,0.0012,0.0012
13.11.2023 06:31:48.634 GMT-0800,131.874,131.836,0.0012,0.0012
13.11.2023 06:31:49.124 GMT-0800,131.884,131.836,0.0012,0.0012
13.11.2023 06:31:49.207 GMT-0800,131.874,131.836,0.0012,0.0012
13.11.2023 06:31:49.378 GMT-0800,131.864,131.836,0.0012,0.0012
13.11.2023 06:31:49.429 GMT-0800,131.874,131.836,0.0012,0.0012
13.11.2023 06:31:49.479 GMT-0800,131.863,131.83700000000002,0.0012,0.0012
13.11.2023 06:31:49.839 GMT-0800,131.874,131.836,0.0012,0.0012
13.11.2023 06:31:49.946 GMT-0800,131.863,131.83700000000002,0.0012,0.0012
13.11.2023 06:31:49.997 GMT-0800,131.873,131.83700000000002,0.0012,0.0012
13.11.2023 06:31:50.296 GMT-0800,131.863,131.83700000000002,0.0012,0.0012
13.11.2023 06:31:50.347 GMT-0800,131.873,131.817,0.0012,0.0012
13.11.2023 06:31:50.426 GMT-0800,131.863,131.817,0.0012,0.0012
13.11.2023 06:31:50.477 GMT-0800,131.873,131.817,0.0012,0.0012
13.11.2023 06:31:50.534 GMT-0800,131.864,131.816,0.0012,0.0012
13.11.2023 06:31:50.700 GMT-0800,131.884,131.836,0.0012,0.0012
13.11.2023 06:31:50.801 GMT-0800,131.873,131.83700000000002,0.0012,0.0012
13.11.2023 06:31:50.912 GMT-0800,131.874,131.816,0.0012,0.0012
13.11.2023 06:31:51.013 GMT-0800,131.864,131.816,0.0012,0.0012
13.11.2023 06:31:51.114 GMT-0800,131.874,131.836,0.0012,0.0012
13.11.2023 06:31:51.236 GMT-0800,131.88299999999998,131.83700000000002,0.0012,0.0012
13.11.2023 06:31:51.317 GMT-0800,131.873,131.83700000000002,0.0012,0.0012
13.11.2023 06:31:52.023 GMT-0800,131.873,131.847,0.0012,0.0012
13.11.2023 06:31:52.491 GMT-0800,131.91299999999998,131.857,0.0012,0.0012
13.11.2023 06:31:52.541 GMT-0800,131.914,131.866,0.0012,0.0012
13.11.2023 06:31:52.852 GMT-0800,131.893,131.86700000000002,0.0012,0.0012
13.11.2023 06:31:53.019 GMT-0800,131.893,131.877,0.0012,0.0012
13.11.2023 06:31:53.390 GMT-0800,131.91299999999998,131.877,0.0012,0.0012
13.11.2023 06:31:53.461 GMT-0800,131.903,131.877,0.0012,0.0012
13.11.2023 06:31:54.445 GMT-0800,131.923,131.877,0.0012,0.0012
13.11.2023 06:31:54.495 GMT-0800,131.934,131.89600000000002,0.0012,0.0012
13.11.2023 06:31:54.699 GMT-0800,131.944,131.89600000000002,0.0012,0.0012
13.11.2023 06:31:54.882 GMT-0800,131.934,131.89600000000002,0.0012,0.0012
13.11.2023 06:31:55.518 GMT-0800,131.933,131.917,0.0012,0.0012
13.11.2023 06:31:55.568 GMT-0800,131.934,131.906,0.0012,0.0012
13.11.2023 06:31:55.619 GMT-0800,131.934,131.916,0.0012,0.0012
13.11.2023 06:31:56.351 GMT-0800,131.934,131.906,0.0012,0.0012
13.11.2023 06:31:56.552 GMT-0800,131.954,131.916,0.0012,0.0012
13.11.2023 06:31:56.619 GMT-0800,131.94299999999998,131.917,0.0012,0.0012
13.11.2023 06:31:56.783 GMT-0800,131.953,131.917,0.0012,0.0012
13.11.2023 06:31:56.834 GMT-0800,131.94299999999998,131.917,0.0012,0.0012
13.11.2023 06:31:57.116 GMT-0800,131.953,131.917,0.0012,0.0012
13.11.2023 06:31:57.203 GMT-0800,131.944,131.916,0.0012,0.0012
13.11.2023 06:31:58.523 GMT-0800,131.97299999999998,131.937,0.0012,0.0012
13.11.2023 06:31:58.624 GMT-0800,131.963,131.937,0.0012,0.0012
13.11.2023 06:31:58.763 GMT-0800,131.97299999999998,131.937,0.0012,0.0012
13.11.2023 06:31:58.924 GMT-0800,131.953,131.937,0.0012,0.0012
13.11.2023 06:31:59.221 GMT-0800,131.974,131.936,0.0012,0.0012
13.11.2023 06:31:59.556 GMT-0800,131.964,131.936,0.0012,0.0012
13.11.2023 06:31:59.848 GMT-0800,131.964,131.946,0.0012,0.0012
13.11.2023 06:31:59.899 GMT-0800,131.993,131.947,0.0012,0.0012
13.11.2023 06:31:59.950 GMT-0800,131.994,131.95600000000002,0.0012,0.0012
13.11.2023 06:32:00.001 GMT-0800,132.003,131.95700000000002,0.0012,0.0012
13.11.2023 06:32:00.051 GMT-0800,132.004,131.966,0.0012,0.0012
13.11.2023 06:32:00.217 GMT-0800,132.004,131.95600000000002,0.0012,0.0012
13.11.2023 06:32:00.432 GMT-0800,131.983,131.95700000000002,0.0012,0.0012
13.11.2023 06:32:00.853 GMT-0800,131.984,131.966,0.0012,0.0012
13.11.2023 06:32:00.903 GMT-0800,132.014,131.976,0.0012,0.0012
13.11.2023 06:32:01.200 GMT-0800,132.014,131.966,0.0012,0.0012
13.11.2023 06:32:01.377 GMT-0800,132.004,131.966,0.0012,0.0012
13.11.2023 06:32:01.536 GMT-0800,132.044,132.006,0.0012,0.0012
13.11.2023 06:32:01.637 GMT-0800,132.074,132.036,0.0012,0.0012
13.11.2023 06:32:01.793 GMT-0800,132.093,132.047,0.0012,0.0012
13.11.2023 06:32:01.844 GMT-0800,132.113,132.047,0.0012,0.0012
13.11.2023 06:32:01.894 GMT-0800,132.093,132.047,0.0012,0.0012
13.11.2023 06:32:02.838 GMT-0800,132.093,132.05700000000002,0.0012,0.0012
13.11.2023 06:32:03.037 GMT-0800,132.093,132.047,0.0012,0.0012
13.11.2023 06:32:05.239 GMT-0800,132.113,132.077,0.0012,0.0012
13.11.2023 06:32:05.290 GMT-0800,132.153,132.107,0.0012,0.0012
13.11.2023 06:32:05.341 GMT-0800,132.144,132.106,0.0012,0.0012
13.11.2023 06:32:05.392 GMT-0800,132.154,132.106,0.0012,0.0012
13.11.2023 06:32:05.442 GMT-0800,132.174,132.126,0.0012,0.0012
13.11.2023 06:32:05.787 GMT-0800,132.153,132.127,0.0012,0.0012
13.11.2023 06:32:06.305 GMT-0800,132.144,132.096,0.0012,0.0012
13.11.2023 06:32:06.356 GMT-0800,132.123,132.08700000000002,0.0012,0.0012
13.11.2023 06:32:06.457 GMT-0800,132.114,132.076,0.0012,0.0012
13.11.2023 06:32:06.703 GMT-0800,132.134,132.076,0.0012,0.0012
13.11.2023 06:32:06.754 GMT-0800,132.144,132.096,0.0012,0.0012
13.11.2023 06:32:06.855 GMT-0800,132.143,132.107,0.0012,0.0012
13.11.2023 06:32:07.140 GMT-0800,132.154,132.106,0.0012,0.0012
13.11.2023 06:32:07.262 GMT-0800,132.114,132.076,0.0012,0.0012
13.11.2023 06:32:07.378 GMT-0800,132.093,132.067,0.0012,0.0012
13.11.2023 06:32:07.428 GMT-0800,132.124,132.076,0.0012,0.0012
13.11.2023 06:32:07.479 GMT-0800,132.114,132.076,0.0012,0.0012
13.11.2023 06:32:07.529 GMT-0800,132.13299999999998,132.077,0.0012,0.0012
13.11.2023 06:32:08.625 GMT-0800,132.134,132.096,0.0012,0.0012
13.11.2023 06:32:08.806 GMT-0800,132.174,132.116,0.0012,0.0012
13.11.2023 06:32:08.875 GMT-0800,132.173,132.137,0.0012,0.0012
13.11.2023 06:32:09.026 GMT-0800,132.173,132.127,0.0012,0.0012
13.11.2023 06:32:09.077 GMT-0800,132.164,132.126,0.0012,0.0012
13.11.2023 06:32:09.671 GMT-0800,132.154,132.126,0.0012,0.0012
13.11.2023 06:32:09.722 GMT-0800,132.13299999999998,132.097,0.0012,0.0012
13.11.2023 06:32:09.910 GMT-0800,132.143,132.097,0.0012,0.0012
13.11.2023 06:32:09.961 GMT-0800,132.134,132.096,0.0012,0.0012
13.11.2023 06:32:10.230 GMT-0800,132.134,132.086,0.0012,0.0012
13.11.2023 06:32:10.280 GMT-0800,132.13299999999998,132.097,0.0012,0.0012
13.11.2023 06:32:10.352 GMT-0800,132.134,132.086,0.0012,0.0012
13.11.2023 06:32:10.403 GMT-0800,132.123,132.08700000000002,0.0012,0.0012
13.11.2023 06:32:10.616 GMT-0800,132.134,132.086,0.0012,0.0012
13.11.2023 06:32:10.734 GMT-0800,132.13299999999998,132.097,0.0012,0.0012
13.11.2023 06:32:11.175 GMT-0800,132.124,132.086,0.0012,0.0012
13.11.2023 06:32:11.255 GMT-0800,132.13299999999998,132.08700000000002,0.0012,0.0012
13.11.2023 06:32:11.329 GMT-0800,132.123,132.08700000000002,0.0012,0.0012
13.11.2023 06:32:11.607 GMT-0800,132.134,132.086,0.0012,0.0012
13.11.2023 06:32:11.725 GMT-0800,132.13299999999998,132.097,0.0012,0.0012
13.11.2023 06:32:11.903 GMT-0800,132.13299999999998,132.08700000000002,0.0012,0.0012
13.11.2023 06:32:12.220 GMT-0800,132.123,132.08700000000002,0.0012,0.0012
13.11.2023 06:32:12.408 GMT-0800,132.10399999999998,132.076,0.0012,0.0012
13.11.2023 06:32:12.458 GMT-0800,132.074,132.036,0.0012,0.0012
13.11.2023 06:32:12.509 GMT-0800,132.093,132.047,0.0012,0.0012
13.11.2023 06:32:12.907 GMT-0800,132.074,132.046,0.0012,0.0012
13.11.2023 06:32:12.958 GMT-0800,132.074,132.036,0.0012,0.0012
13.11.2023 06:32:13.166 GMT-0800,132.054,132.026,0.0012,0.0012
13.11.2023 06:32:13.267 GMT-0800,132.043,132.007,0.0012,0.0012
13.11.2023 06:32:13.421 GMT-0800,132.033,131.997,0.0012,0.0012
13.11.2023 06:32:14.256 GMT-0800,132.024,131.98600000000002,0.0012,0.0012
13.11.2023 06:32:14.510 GMT-0800,132.034,131.98600000000002,0.0012,0.0012
13.11.2023 06:32:15.144 GMT-0800,132.034,132.006,0.0012,0.0012
13.11.2023 06:32:15.194 GMT-0800,132.034,131.996,0.0012,0.0012
13.11.2023 06:32:15.300 GMT-0800,132.034,131.98600000000002,0.0012,0.0012
13.11.2023 06:32:16.158 GMT-0800,132.003,131.977,0.0012,0.0012
13.11.2023 06:32:16.266 GMT-0800,132.014,131.976,0.0012,0.0012
13.11.2023 06:32:16.317 GMT-0800,132.034,131.996,0.0012,0.0012
13.11.2023 06:32:16.418 GMT-0800,132.053,132.017,0.0012,0.0012
13.11.2023 06:32:16.640 GMT-0800,132.054,132.026,0.0012,0.0012
13.11.2023 06:32:16.709 GMT-0800,132.053,132.017,0.0012,0.0012
13.11.2023 06:32:16.836 GMT-0800,132.053,132.02700000000002,0.0012,0.0012
13.11.2023 06:32:16.948 GMT-0800,132.053,132.017,0.0012,0.0012
13.11.2023 06:32:17.094 GMT-0800,132.053,132.02700000000002,0.0012,0.0012
13.11.2023 06:32:17.145 GMT-0800,132.053,132.017,0.0012,0.0012
13.11.2023 06:32:17.278 GMT-0800,132.054,132.026,0.0012,0.0012
13.11.2023 06:32:17.328 GMT-0800,132.053,132.017,0.0012,0.0012
13.11.2023 06:32:17.713 GMT-0800,132.053,132.007,0.0012,0.0012
13.11.2023 06:32:17.821 GMT-0800,132.054,132.026,0.0012,0.0012
13.11.2023 06:32:18.041 GMT-0800,132.054,132.006,0.0012,0.0012
13.11.2023 06:32:18.180 GMT-0800,132.053,132.017,0.0012,0.0012
13.11.2023 06:32:18.231 GMT-0800,132.053,132.007,0.0012,0.0012
13.11.2023 06:32:18.542 GMT-0800,132.033,131.997,0.0012,0.0012
13.11.2023 06:32:18.669 GMT-0800,132.043,132.007,0.0012,0.0012
13.11.2023 06:32:18.872 GMT-0800,132.034,131.996,0.0012,0.0012
13.11.2023 06:32:18.939 GMT-0800,132.043,131.997,0.0012,0.0012
13.11.2023 06:32:18.990 GMT-0800,132.043,132.007,0.0012,0.0012
13.11.2023 06:32:19.041 GMT-0800,132.044,131.996,0.0012,0.0012
13.11.2023 06:32:19.091 GMT-0800,132.033,131.997,0.0012,0.0012
13.11.2023 06:32:19.149 GMT-0800,132.034,131.98600000000002,0.0012,0.0012
13.11.2023 06:32:19.361 GMT-0800,132.034,131.976,0.0012,0.0012
13.11.2023 06:32:19.412 GMT-0800,132.034,131.98600000000002,0.0012,0.0012
13.11.2023 06:32:19.790 GMT-0800,132.023,131.977,0.0012,0.0012
13.11.2023 06:32:20.058 GMT-0800,132.004,131.976,0.0012,0.0012
13.11.2023 06:32:20.566 GMT-0800,131.993,131.977,0.0012,0.0012
13.11.2023 06:32:20.617 GMT-0800,132.003,131.977,0.0012,0.0012
13.11.2023 06:32:20.706 GMT-0800,131.993,131.977,0.0012,0.0012
13.11.2023 06:32:20.757 GMT-0800,132.003,131.977,0.0012,0.0012
13.11.2023 06:32:20.908 GMT-0800,131.993,131.977,0.0012,0.0012
13.11.2023 06:32:21.033 GMT-0800,131.994,131.966,0.0012,0.0012
13.11.2023 06:32:21.162 GMT-0800,132.033,131.997,0.0012,0.0012
13.11.2023 06:32:21.262 GMT-0800,132.053,132.007,0.0012,0.0012
13.11.2023 06:32:21.313 GMT-0800,132.033,131.977,0.0012,0.0012
13.11.2023 06:32:21.593 GMT-0800,132.013,131.977,0.0012,0.0012
13.11.2023 06:32:21.821 GMT-0800,132.013,131.98700000000002,0.0012,0.0012
13.11.2023 06:32:21.872 GMT-0800,132.034,131.98600000000002,0.0012,0.0012
13.11.2023 06:32:21.987 GMT-0800,132.034,131.996,0.0012,0.0012
13.11.2023 06:32:22.037 GMT-0800,132.053,132.007,0.0012,0.0012
13.11.2023 06:32:22.528 GMT-0800,132.054,132.01600000000002,0.0012,0.0012
13.11.2023 06:32:22.631 GMT-0800,132.074,132.026,0.0012,0.0012
13.11.2023 06:32:22.682 GMT-0800,132.074,132.036,0.0012,0.0012
13.11.2023 06:32:22.866 GMT-0800,132.063,132.037,0.0012,0.0012
13.11.2023 06:32:22.917 GMT-0800,132.074,132.036,0.0012,0.0012
13.11.2023 06:32:23.580 GMT-0800,132.063,132.02700000000002,0.0012,0.0012
13.11.2023 06:32:23.681 GMT-0800,132.054,132.01600000000002,0.0012,0.0012
13.11.2023 06:32:23.732 GMT-0800,132.073,132.02700000000002,0.0012,0.0012
13.11.2023 06:32:24.177 GMT-0800,132.064,132.026,0.0012,0.0012
13.11.2023 06:32:24.227 GMT-0800,132.074,132.026,0.0012,0.0012
13.11.2023 06:32:24.278 GMT-0800,132.083,132.047,0.0012,0.0012
13.11.2023 06:32:24.328 GMT-0800,132.093,132.047,0.0012,0.0012
13.11.2023 06:32:24.379 GMT-0800,132.073,132.047,0.0012,0.0012
13.11.2023 06:32:24.554 GMT-0800,132.074,132.036,0.0012,0.0012
13.11.2023 06:32:24.605 GMT-0800,132.064,132.026,0.0012,0.0012
13.11.2023 06:32:24.747 GMT-0800,132.054,132.026,0.0012,0.0012
13.11.2023 06:32:24.933 GMT-0800,132.064,132.026,0.0012,0.0012
13.11.2023 06:32:25.071 GMT-0800,132.044,132.006,0.0012,0.0012
13.11.2023 06:32:25.172 GMT-0800,132.033,131.98700000000002,0.0012,0.0012
13.11.2023 06:32:25.528 GMT-0800,132.033,131.997,0.0012,0.0012
13.11.2023 06:32:26.100 GMT-0800,132.063,132.02700000000002,0.0012,0.0012
13.11.2023 06:32:26.348 GMT-0800,132.043,132.017,0.0012,0.0012
13.11.2023 06:32:26.399 GMT-0800,132.044,132.006,0.0012,0.0012
13.11.2023 06:32:26.970 GMT-0800,132.034,131.996,0.0012,0.0012
13.11.2023 06:32:27.073 GMT-0800,132.043,132.007,0.0012,0.0012
13.11.2023 06:32:27.438 GMT-0800,132.033,131.997,0.0012,0.0012
13.11.2023 06:32:27.489 GMT-0800,132.014,131.966,0.0012,0.0012
13.11.2023 06:32:27.599 GMT-0800,132.033,131.98700000000002,0.0012,0.0012
13.11.2023 06:32:27.664 GMT-0800,132.034,131.976,0.0012,0.0012
13.11.2023 06:32:27.756 GMT-0800,132.033,131.98700000000002,0.0012,0.0012
13.11.2023 06:32:27.990 GMT-0800,132.024,131.98600000000002,0.0012,0.0012
13.11.2023 06:32:28.103 GMT-0800,132.014,131.98600000000002,0.0012,0.0012
13.11.2023 06:32:28.153 GMT-0800,132.014,131.966,0.0012,0.0012
13.11.2023 06:32:28.254 GMT-0800,132.024,131.98600000000002,0.0012,0.0012
13.11.2023 06:32:28.305 GMT-0800,132.024,131.976,0.0012,0.0012
13.11.2023 06:32:28.355 GMT-0800,132.034,131.98600000000002,0.0012,0.0012
13.11.2023 06:32:28.612 GMT-0800,132.014,131.976,0.0012,0.0012
13.11.2023 06:32:29.039 GMT-0800,132.023,131.98700000000002,0.0012,0.0012
13.11.2023 06:32:29.140 GMT-0800,132.043,132.017,0.0012,0.0012
13.11.2023 06:32:29.447 GMT-0800,132.034,131.98600000000002,0.0012,0.0012
13.11.2023 06:32:29.710 GMT-0800,132.033,131.997,0.0012,0.0012
13.11.2023 06:32:29.808 GMT-0800,132.053,132.007,0.0012,0.0012
13.11.2023 06:32:30.330 GMT-0800,132.034,131.98600000000002,0.0012,0.0012
13.11.2023 06:32:30.857 GMT-0800,132.034,132.006,0.0012,0.0012
13.11.2023 06:32:30.957 GMT-0800,132.054,132.01600000000002,0.0012,0.0012
13.11.2023 06:32:31.058 GMT-0800,132.054,132.006,0.0012,0.0012
13.11.2023 06:32:31.705 GMT-0800,132.063,132.02700000000002,0.0012,0.0012
13.11.2023 06:32:31.809 GMT-0800,132.083,132.047,0.0012,0.0012
13.11.2023 06:32:31.859 GMT-0800,132.093,132.047,0.0012,0.0012
13.11.2023 06:32:31.953 GMT-0800,132.084,132.046,0.0012,0.0012
13.11.2023 06:32:32.180 GMT-0800,132.083,132.037,0.0012,0.0012
13.11.2023 06:32:32.231 GMT-0800,132.063,132.017,0.0012,0.0012
13.11.2023 06:32:32.944 GMT-0800,132.054,132.01600000000002,0.0012,0.0012
13.11.2023 06:32:33.357 GMT-0800,132.034,132.006,0.0012,0.0012
13.11.2023 06:32:33.408 GMT-0800,132.054,132.01600000000002,0.0012,0.0012
13.11.2023 06:32:33.512 GMT-0800,132.064,132.026,0.0012,0.0012
13.11.2023 06:32:33.627 GMT-0800,132.074,132.036,0.0012,0.0012
13.11.2023 06:32:33.729 GMT-0800,132.064,132.036,0.0012,0.0012
13.11.2023 06:32:34.352 GMT-0800,132.064,132.026,0.0012,0.0012
13.11.2023 06:32:34.503 GMT-0800,132.053,132.02700000000002,0.0012,0.0012
13.11.2023 06:32:34.553 GMT-0800,132.064,132.026,0.0012,0.0012
13.11.2023 06:32:34.618 GMT-0800,132.064,132.036,0.0012,0.0012
13.11.2023 06:32:35.050 GMT-0800,132.054,132.026,0.0012,0.0012
13.11.2023 06:32:35.151 GMT-0800,132.064,132.036,0.0012,0.0012
13.11.2023 06:32:35.626 GMT-0800,132.083,132.05700000000002,0.0012,0.0012
13.11.2023 06:32:35.677 GMT-0800,132.094,132.056,0.0012,0.0012
13.11.2023 06:32:35.795 GMT-0800,132.103,132.067,0.0012,0.0012
13.11.2023 06:32:36.004 GMT-0800,132.094,132.056,0.0012,0.0012
13.11.2023 06:32:36.105 GMT-0800,132.084,132.056,0.0012,0.0012
13.11.2023 06:32:36.162 GMT-0800,132.083,132.047,0.0012,0.0012
13.11.2023 06:32:36.213 GMT-0800,132.093,132.047,0.0012,0.0012
13.11.2023 06:32:36.263 GMT-0800,132.093,132.05700000000002,0.0012,0.0012
13.11.2023 06:32:36.533 GMT-0800,132.094,132.066,0.0012,0.0012
13.11.2023 06:32:36.585 GMT-0800,132.103,132.067,0.0012,0.0012
13.11.2023 06:32:37.217 GMT-0800,132.094,132.066,0.0012,0.0012
13.11.2023 06:32:37.450 GMT-0800,132.084,132.056,0.0012,0.0012
13.11.2023 06:32:37.501 GMT-0800,132.093,132.05700000000002,0.0012,0.0012
13.11.2023 06:32:38.847 GMT-0800,132.093,132.047,0.0012,0.0012
13.11.2023 06:32:38.910 GMT-0800,132.094,132.056,0.0012,0.0012
13.11.2023 06:32:39.386 GMT-0800,132.093,132.067,0.0012,0.0012
13.11.2023 06:32:39.436 GMT-0800,132.094,132.056,0.0012,0.0012
13.11.2023 06:32:39.998 GMT-0800,132.084,132.056,0.0012,0.0012
13.11.2023 06:32:40.181 GMT-0800,132.074,132.036,0.0012,0.0012
13.11.2023 06:32:40.281 GMT-0800,132.064,132.026,0.0012,0.0012
13.11.2023 06:32:40.417 GMT-0800,132.073,132.02700000000002,0.0012,0.0012
13.11.2023 06:32:40.524 GMT-0800,132.043,132.017,0.0012,0.0012
13.11.2023 06:32:40.625 GMT-0800,132.023,131.997,0.0012,0.0012
13.11.2023 06:32:41.040 GMT-0800,132.023,132.007,0.0012,0.0012
13.11.2023 06:32:41.091 GMT-0800,132.054,132.026,0.0012,0.0012
13.11.2023 06:32:41.142 GMT-0800,132.044,132.006,0.0012,0.0012
13.11.2023 06:32:41.332 GMT-0800,132.034,132.006,0.0012,0.0012
13.11.2023 06:32:41.488 GMT-0800,132.043,132.007,0.0012,0.0012
13.11.2023 06:32:41.716 GMT-0800,132.023,132.007,0.0012,0.0012
13.11.2023 06:32:41.767 GMT-0800,132.033,132.007,0.0012,0.0012
13.11.2023 06:32:42.079 GMT-0800,132.044,132.006,0.0012,0.0012
13.11.2023 06:32:42.358 GMT-0800,132.023,131.98700000000002,0.0012,0.0012
13.11.2023 06:32:42.535 GMT-0800,132.033,131.98700000000002,0.0012,0.0012
13.11.2023 06:32:42.960 GMT-0800,132.034,131.996,0.0012,0.0012
13.11.2023 06:32:43.061 GMT-0800,132.044,131.996,0.0012,0.0012
13.11.2023 06:32:43.130 GMT-0800,132.033,131.997,0.0012,0.0012
13.11.2023 06:32:43.200 GMT-0800,132.034,131.98600000000002,0.0012,0.0012
13.11.2023 06:32:43.397 GMT-0800,132.024,131.98600000000002,0.0012,0.0012
13.11.2023 06:32:43.514 GMT-0800,132.033,131.98700000000002,0.0012,0.0012
13.11.2023 06:32:43.860 GMT-0800,132.023,131.98700000000002,0.0012,0.0012
13.11.2023 06:32:44.753 GMT-0800,132.044,132.006,0.0012,0.0012
13.11.2023 06:32:44.854 GMT-0800,132.054,132.01600000000002,0.0012,0.0012
13.11.2023 06:32:44.955 GMT-0800,132.023,131.98700000000002,0.0012,0.0012
13.11.2023 06:32:45.056 GMT-0800,132.013,131.98700000000002,0.0012,0.0012
13.11.2023 06:32:45.177 GMT-0800,132.034,132.006,0.0012,0.0012
13.11.2023 06:32:45.839 GMT-0800,132.054,132.01600000000002,0.0012,0.0012
13.11.2023 06:32:45.949 GMT-0800,132.053,132.02700000000002,0.0012,0.0012
13.11.2023 06:32:46.050 GMT-0800,132.043,132.007,0.0012,0.0012
13.11.2023 06:32:46.101 GMT-0800,132.053,132.017,0.0012,0.0012
13.11.2023 06:32:46.285 GMT-0800,132.043,132.017,0.0012,0.0012
13.11.2023 06:32:46.386 GMT-0800,132.043,132.007,0.0012,0.0012
13.11.2023 06:32:46.436 GMT-0800,132.034,132.006,0.0012,0.0012
13.11.2023 06:32:46.697 GMT-0800,132.043,132.007,0.0012,0.0012
13.11.2023 06:32:46.747 GMT-0800,132.043,132.017,0.0012,0.0012
13.11.2023 06:32:46.798 GMT-0800,132.044,132.006,0.0012,0.0012
13.11.2023 06:32:47.603 GMT-0800,132.043,132.02700000000002,0.0012,0.0012
13.11.2023 06:32:47.653 GMT-0800,132.074,132.046,0.0012,0.0012
13.11.2023 06:32:47.740 GMT-0800,132.074,132.036,0.0012,0.0012
13.11.2023 06:32:47.853 GMT-0800,132.073,132.02700000000002,0.0012,0.0012
13.11.2023 06:32:48.128 GMT-0800,132.074,132.036,0.0012,0.0012
13.11.2023 06:32:48.179 GMT-0800,132.073,132.02700000000002,0.0012,0.0012
13.11.2023 06:32:48.337 GMT-0800,132.064,132.026,0.0012,0.0012
13.11.2023 06:32:48.871 GMT-0800,132.063,132.037,0.0012,0.0012
13.11.2023 06:32:49.558 GMT-0800,132.043,132.007,0.0012,0.0012
13.11.2023 06:32:49.609 GMT-0800,132.034,132.006,0.0012,0.0012
13.11.2023 06:32:49.660 GMT-0800,132.024,131.98600000000002,0.0012,0.0012
13.11.2023 06:32:49.760 GMT-0800,132.023,131.997,0.0012,0.0012
13.11.2023 06:32:49.894 GMT-0800,132.014,131.98600000000002,0.0012,0.0012
13.11.2023 06:32:49.995 GMT-0800,132.023,131.98700000000002,0.0012,0.0012
13.11.2023 06:32:50.064 GMT-0800,132.033,131.997,0.0012,0.0012
13.11.2023 06:32:50.294 GMT-0800,132.043,132.007,0.0012,0.0012
13.11.2023 06:32:50.649 GMT-0800,132.033,131.98700000000002,0.0012,0.0012
13.11.2023 06:32:50.750 GMT-0800,132.033,131.997,0.0012,0.0012
13.11.2023 06:32:51.158 GMT-0800,132.054,132.006,0.0012,0.0012
13.11.2023 06:32:51.279 GMT-0800,132.044,132.01600000000002,0.0012,0.0012
13.11.2023 06:32:51.330 GMT-0800,132.043,132.007,0.0012,0.0012
13.11.2023 06:32:51.391 GMT-0800,132.043,132.017,0.0012,0.0012
13.11.2023 06:32:51.462 GMT-0800,132.043,132.007,0.0012,0.0012
13.11.2023 06:32:51.513 GMT-0800,132.024,131.98600000000002,0.0012,0.0012
13.11.2023 06:32:51.614 GMT-0800,132.023,131.997,0.0012,0.0012
13.11.2023 06:32:51.878 GMT-0800,132.033,131.997,0.0012,0.0012
13.11.2023 06:32:52.498 GMT-0800,132.024,131.996,0.0012,0.0012
13.11.2023 06:32:53.189 GMT-0800,132.013,131.98700000000002,0.0012,0.0012
13.11.2023 06:32:53.240 GMT-0800,132.013,131.977,0.0012,0.0012
13.11.2023 06:32:53.339 GMT-0800,132.024,131.98600000000002,0.0012,0.0012
13.11.2023 06:32:53.763 GMT-0800,132.024,132.006,0.0012,0.0012
13.11.2023 06:32:53.813 GMT-0800,132.024,131.98600000000002,0.0012,0.0012
13.11.2023 06:32:53.886 GMT-0800,132.023,131.997,0.0012,0.0012
13.11.2023 06:32:54.708 GMT-0800,132.023,131.98700000000002,0.0012,0.0012
13.11.2023 06:32:55.291 GMT-0800,132.013,131.977,0.0012,0.0012
13.11.2023 06:32:55.392 GMT-0800,132.013,131.98700000000002,0.0012,0.0012
13.11.2023 06:32:55.443 GMT-0800,132.013,131.977,0.0012,0.0012
13.11.2023 06:32:55.493 GMT-0800,132.013,131.98700000000002,0.0012,0.0012
13.11.2023 06:32:55.662 GMT-0800,132.014,131.966,0.0012,0.0012
13.11.2023 06:32:55.712 GMT-0800,132.004,131.966,0.0012,0.0012
13.11.2023 06:32:56.078 GMT-0800,132.013,131.977,0.0012,0.0012
13.11.2023 06:32:56.179 GMT-0800,132.024,131.98600000000002,0.0012,0.0012
13.11.2023 06:32:56.404 GMT-0800,132.014,131.976,0.0012,0.0012
13.11.2023 06:32:56.604 GMT-0800,132.003,131.977,0.0012,0.0012
13.11.2023 06:32:56.734 GMT-0800,132.013,131.977,0.0012,0.0012
13.11.2023 06:32:56.870 GMT-0800,132.013,131.98700000000002,0.0012,0.0012
13.11.2023 06:32:56.920 GMT-0800,132.014,131.976,0.0012,0.0012
13.11.2023 06:32:57.047 GMT-0800,132.014,131.98600000000002,0.0012,0.0012
13.11.2023 06:32:57.159 GMT-0800,132.014,131.976,0.0012,0.0012
13.11.2023 06:32:57.317 GMT-0800,132.014,131.98600000000002,0.0012,0.0012
13.11.2023 06:32:57.368 GMT-0800,132.024,131.98600000000002,0.0012,0.0012
13.11.2023 06:32:57.763 GMT-0800,132.023,131.997,0.0012,0.0012
13.11.2023 06:32:58.126 GMT-0800,132.024,131.98600000000002,0.0012,0.0012
13.11.2023 06:32:58.227 GMT-0800,132.023,131.997,0.0012,0.0012
13.11.2023 06:32:58.817 GMT-0800,132.043,132.017,0.0012,0.0012
13.11.2023 06:32:58.867 GMT-0800,132.044,132.006,0.0012,0.0012
13.11.2023 06:32:59.151 GMT-0800,132.033,132.007,0.0012,0.0012
13.11.2023 06:32:59.589 GMT-0800,132.034,131.996,0.0012,0.0012
13.11.2023 06:32:59.886 GMT-0800,132.043,132.007,0.0012,0.0012
13.11.2023 06:33:00.190 GMT-0800,132.033,132.007,0.0012,0.0012
13.11.2023 06:33:00.241 GMT-0800,132.044,132.006,0.0012,0.0012
13.11.2023 06:33:00.339 GMT-0800,132.034,132.006,0.0012,0.0012
13.11.2023 06:33:00.447 GMT-0800,132.053,132.017,0.0012,0.0012
13.11.2023 06:33:00.498 GMT-0800,132.033,132.017,0.0012,0.0012
13.11.2023 06:33:00.597 GMT-0800,132.053,132.017,0.0012,0.0012
13.11.2023 06:33:01.365 GMT-0800,132.053,132.02700000000002,0.0012,0.0012
13.11.2023 06:33:01.488 GMT-0800,132.083,132.05700000000002,0.0012,0.0012
13.11.2023 06:33:01.940 GMT-0800,132.083,132.067,0.0012,0.0012
13.11.2023 06:33:01.990 GMT-0800,132.093,132.067,0.0012,0.0012
13.11.2023 06:33:02.703 GMT-0800,132.083,132.067,0.0012,0.0012
13.11.2023 06:33:02.754 GMT-0800,132.094,132.066,0.0012,0.0012
13.11.2023 06:33:02.923 GMT-0800,132.103,132.08700000000002,0.0012,0.0012
13.11.2023 06:33:02.973 GMT-0800,132.134,132.106,0.0012,0.0012
13.11.2023 06:33:04.686 GMT-0800,132.164,132.116,0.0012,0.0012
13.11.2023 06:33:04.736 GMT-0800,132.154,132.116,0.0012,0.0012
13.11.2023 06:33:05.079 GMT-0800,132.153,132.107,0.0012,0.0012
13.11.2023 06:33:05.165 GMT-0800,132.144,132.106,0.0012,0.0012
13.11.2023 06:33:06.158 GMT-0800,132.153,132.107,0.0012,0.0012
13.11.2023 06:33:06.259 GMT-0800,132.144,132.106,0.0012,0.0012
13.11.2023 06:33:07.080 GMT-0800,132.134,132.106,0.0012,0.0012
13.11.2023 06:33:07.131 GMT-0800,132.124,132.086,0.0012,0.0012
13.11.2023 06:33:07.759 GMT-0800,132.114,132.086,0.0012,0.0012
13.11.2023 06:33:07.971 GMT-0800,132.124,132.086,0.0012,0.0012
13.11.2023 06:33:08.234 GMT-0800,132.114,132.086,0.0012,0.0012
13.11.2023 06:33:08.341 GMT-0800,132.103,132.077,0.0012,0.0012
13.11.2023 06:33:09.378 GMT-0800,132.093,132.067,0.0012,0.0012
13.11.2023 06:33:09.429 GMT-0800,132.064,132.026,0.0012,0.0012
13.11.2023 06:33:09.504 GMT-0800,132.053,132.02700000000002,0.0012,0.0012
13.11.2023 06:33:09.669 GMT-0800,132.054,132.01600000000002,0.0012,0.0012
13.11.2023 06:33:09.927 GMT-0800,132.054,132.026,0.0012,0.0012
13.11.2023 06:33:10.041 GMT-0800,132.054,132.01600000000002,0.0012,0.0012
13.11.2023 06:33:10.091 GMT-0800,132.034,132.006,0.0012,0.0012
13.11.2023 06:33:10.142 GMT-0800,132.034,131.996,0.0012,0.0012
13.11.2023 06:33:10.193 GMT-0800,132.034,131.98600000000002,0.0012,0.0012
13.11.2023 06:33:10.306 GMT-0800,132.044,132.006,0.0012,0.0012
13.11.2023 06:33:10.737 GMT-0800,132.034,132.006,0.0012,0.0012
13.11.2023 06:33:10.787 GMT-0800,132.034,131.996,0.0012,0.0012
13.11.2023 06:33:10.911 GMT-0800,132.034,131.98600000000002,0.0012,0.0012
13.11.2023 06:33:10.962 GMT-0800,132.024,131.98600000000002,0.0012,0.0012
13.11.2023 06:33:11.113 GMT-0800,132.014,131.98600000000002,0.0012,0.0012
13.11.2023 06:33:11.238 GMT-0800,132.003,131.967,0.0012,0.0012
13.11.2023 06:33:11.543 GMT-0800,131.993,131.967,0.0012,0.0012
13.11.2023 06:33:11.693 GMT-0800,132.004,131.966,0.0012,0.0012
13.11.2023 06:33:11.744 GMT-0800,132.024,131.98600000000002,0.0012,0.0012
13.11.2023 06:33:12.271 GMT-0800,132.013,131.98700000000002,0.0012,0.0012
13.11.2023 06:33:12.323 GMT-0800,132.004,131.966,0.0012,0.0012
13.11.2023 06:33:12.501 GMT-0800,132.004,131.976,0.0012,0.0012
13.11.2023 06:33:12.552 GMT-0800,132.003,131.967,0.0012,0.0012
13.11.2023 06:33:12.767 GMT-0800,132.014,131.966,0.0012,0.0012
13.11.2023 06:33:12.818 GMT-0800,132.004,131.966,0.0012,0.0012
13.11.2023 06:33:12.969 GMT-0800,132.034,131.996,0.0012,0.0012
13.11.2023 06:33:13.070 GMT-0800,132.054,132.01600000000002,0.0012,0.0012
13.11.2023 06:33:13.221 GMT-0800,132.054,132.006,0.0012,0.0012
13.11.2023 06:33:13.666 GMT-0800,132.053,132.017,0.0012,0.0012
13.11.2023 06:33:13.840 GMT-0800,132.054,132.006,0.0012,0.0012
13.11.2023 06:33:14.252 GMT-0800,132.044,132.006,0.0012,0.0012
13.11.2023 06:33:14.442 GMT-0800,132.054,132.006,0.0012,0.0012
13.11.2023 06:33:14.511 GMT-0800,132.044,132.006,0.0012,0.0012
13.11.2023 06:33:14.728 GMT-0800,132.033,132.007,0.0012,0.0012
13.11.2023 06:33:14.779 GMT-0800,132.064,132.026,0.0012,0.0012
13.11.2023 06:33:14.830 GMT-0800,132.054,132.01600000000002,0.0012,0.0012
13.11.2023 06:33:14.931 GMT-0800,132.023,131.997,0.0012,0.0012
13.11.2023 06:33:14.981 GMT-0800,132.023,131.98700000000002,0.0012,0.0012
13.11.2023 06:33:15.454 GMT-0800,132.023,131.997,0.0012,0.0012
13.11.2023 06:33:15.505 GMT-0800,132.024,131.98600000000002,0.0012,0.0012
13.11.2023 06:33:16.005 GMT-0800,132.043,132.017,0.0012,0.0012
13.11.2023 06:33:16.106 GMT-0800,132.054,132.01600000000002,0.0012,0.0012
13.11.2023 06:33:16.218 GMT-0800,132.063,132.02700000000002,0.0012,0.0012
13.11.2023 06:33:16.433 GMT-0800,132.064,132.036,0.0012,0.0012
13.11.2023 06:33:16.534 GMT-0800,132.084,132.046,0.0012,0.0012
13.11.2023 06:33:16.679 GMT-0800,132.094,132.046,0.0012,0.0012
13.11.2023 06:33:16.741 GMT-0800,132.083,132.047,0.0012,0.0012
13.11.2023 06:33:16.841 GMT-0800,132.063,132.02700000000002,0.0012,0.0012
13.11.2023 06:33:16.993 GMT-0800,132.054,132.026,0.0012,0.0012
13.11.2023 06:33:17.220 GMT-0800,132.064,132.026,0.0012,0.0012
13.11.2023 06:33:17.321 GMT-0800,132.053,132.017,0.0012,0.0012
13.11.2023 06:33:17.438 GMT-0800,132.053,132.02700000000002,0.0012,0.0012
13.11.2023 06:33:17.547 GMT-0800,132.064,132.036,0.0012,0.0012
13.11.2023 06:33:17.598 GMT-0800,132.073,132.02700000000002,0.0012,0.0012
13.11.2023 06:33:17.648 GMT-0800,132.073,132.037,0.0012,0.0012
13.11.2023 06:33:17.699 GMT-0800,132.073,132.02700000000002,0.0012,0.0012
13.11.2023 06:33:17.749 GMT-0800,132.073,132.037,0.0012,0.0012
13.11.2023 06:33:17.817 GMT-0800,132.073,132.02700000000002,0.0012,0.0012
13.11.2023 06:33:17.868 GMT-0800,132.063,132.02700000000002,0.0012,0.0012
13.11.2023 06:33:18.029 GMT-0800,132.053,132.017,0.0012,0.0012
13.11.2023 06:33:18.088 GMT-0800,132.053,132.007,0.0012,0.0012
13.11.2023 06:33:18.138 GMT-0800,132.043,132.007,0.0012,0.0012
13.11.2023 06:33:18.589 GMT-0800,132.044,132.026,0.0012,0.0012
13.11.2023 06:33:18.769 GMT-0800,132.064,132.026,0.0012,0.0012
13.11.2023 06:33:18.862 GMT-0800,132.074,132.036,0.0012,0.0012
13.11.2023 06:33:18.963 GMT-0800,132.063,132.02700000000002,0.0012,0.0012
13.11.2023 06:33:19.253 GMT-0800,132.063,132.037,0.0012,0.0012
13.11.2023 06:33:19.354 GMT-0800,132.054,132.01600000000002,0.0012,0.0012
13.11.2023 06:33:19.413 GMT-0800,132.063,132.037,0.0012,0.0012
13.11.2023 06:33:19.463 GMT-0800,132.063,132.02700000000002,0.0012,0.0012
13.11.2023 06:33:19.514 GMT-0800,132.074,132.036,0.0012,0.0012
13.11.2023 06:33:19.617 GMT-0800,132.063,132.047,0.0012,0.0012
13.11.2023 06:33:19.754 GMT-0800,132.084,132.056,0.0012,0.0012
13.11.2023 06:33:19.854 GMT-0800,132.083,132.047,0.0012,0.0012
13.11.2023 06:33:19.989 GMT-0800,132.083,132.05700000000002,0.0012,0.0012
13.11.2023 06:33:20.094 GMT-0800,132.093,132.05700000000002,0.0012,0.0012
13.11.2023 06:33:20.267 GMT-0800,132.094,132.066,0.0012,0.0012
13.11.2023 06:33:20.529 GMT-0800,132.094,132.076,0.0012,0.0012
13.11.2023 06:33:20.579 GMT-0800,132.103,132.067,0.0012,0.0012
13.11.2023 06:33:20.755 GMT-0800,132.094,132.066,0.0012,0.0012
13.11.2023 06:33:20.806 GMT-0800,132.094,132.056,0.0012,0.0012
13.11.2023 06:33:20.906 GMT-0800,132.10399999999998,132.066,0.0012,0.0012
13.11.2023 06:33:21.117 GMT-0800,132.114,132.066,0.0012,0.0012
13.11.2023 06:33:21.168 GMT-0800,132.134,132.096,0.0012,0.0012
13.11.2023 06:33:21.315 GMT-0800,132.134,132.106,0.0012,0.0012
13.11.2023 06:33:21.366 GMT-0800,132.13299999999998,132.097,0.0012,0.0012
13.11.2023 06:33:21.416 GMT-0800,132.13299999999998,132.107,0.0012,0.0012
13.11.2023 06:33:21.535 GMT-0800,132.144,132.116,0.0012,0.0012
13.11.2023 06:33:21.706 GMT-0800,132.173,132.127,0.0012,0.0012
13.11.2023 06:33:21.756 GMT-0800,132.16299999999998,132.127,0.0012,0.0012
13.11.2023 06:33:21.857 GMT-0800,132.174,132.136,0.0012,0.0012
13.11.2023 06:33:22.010 GMT-0800,132.154,132.126,0.0012,0.0012
13.11.2023 06:33:22.155 GMT-0800,132.144,132.116,0.0012,0.0012
13.11.2023 06:33:22.256 GMT-0800,132.154,132.116,0.0012,0.0012
13.11.2023 06:33:22.760 GMT-0800,132.13299999999998,132.11700000000002,0.0012,0.0012
13.11.2023 06:33:22.810 GMT-0800,132.143,132.107,0.0012,0.0012
13.11.2023 06:33:22.861 GMT-0800,132.13299999999998,132.107,0.0012,0.0012
13.11.2023 06:33:22.911 GMT-0800,132.144,132.106,0.0012,0.0012
13.11.2023 06:33:23.026 GMT-0800,132.144,132.116,0.0012,0.0012
13.11.2023 06:33:23.205 GMT-0800,132.164,132.126,0.0012,0.0012
13.11.2023 06:33:23.293 GMT-0800,132.16299999999998,132.137,0.0012,0.0012
13.11.2023 06:33:23.343 GMT-0800,132.164,132.126,0.0012,0.0012
13.11.2023 06:33:23.394 GMT-0800,132.164,132.136,0.0012,0.0012
13.11.2023 06:33:23.444 GMT-0800,132.173,132.137,0.0012,0.0012
13.11.2023 06:33:23.545 GMT-0800,132.194,132.14600000000002,0.0012,0.0012
13.11.2023 06:33:23.595 GMT-0800,132.194,132.166,0.0012,0.0012
13.11.2023 06:33:23.733 GMT-0800,132.214,132.17600000000002,0.0012,0.0012
13.11.2023 06:33:24.234 GMT-0800,132.224,132.186,0.0012,0.0012
13.11.2023 06:33:24.285 GMT-0800,132.234,132.186,0.0012,0.0012
13.11.2023 06:33:24.404 GMT-0800,132.203,132.17700000000002,0.0012,0.0012
13.11.2023 06:33:24.455 GMT-0800,132.233,132.187,0.0012,0.0012
13.11.2023 06:33:24.778 GMT-0800,132.213,132.17700000000002,0.0012,0.0012
13.11.2023 06:33:24.914 GMT-0800,132.234,132.186,0.0012,0.0012
13.11.2023 06:33:25.034 GMT-0800,132.224,132.186,0.0012,0.0012
13.11.2023 06:33:25.486 GMT-0800,132.233,132.187,0.0012,0.0012
13.11.2023 06:33:25.807 GMT-0800,132.234,132.196,0.0012,0.0012
13.11.2023 06:33:25.908 GMT-0800,132.233,132.20700000000002,0.0012,0.0012
13.11.2023 06:33:25.958 GMT-0800,132.244,132.20600000000002,0.0012,0.0012
13.11.2023 06:33:26.023 GMT-0800,132.233,132.20700000000002,0.0012,0.0012
13.11.2023 06:33:26.073 GMT-0800,132.243,132.20700000000002,0.0012,0.0012
13.11.2023 06:33:26.547 GMT-0800,132.233,132.20700000000002,0.0012,0.0012
13.11.2023 06:33:26.597 GMT-0800,132.244,132.20600000000002,0.0012,0.0012
13.11.2023 06:33:26.698 GMT-0800,132.253,132.20700000000002,0.0012,0.0012
13.11.2023 06:33:27.158 GMT-0800,132.243,132.20700000000002,0.0012,0.0012
13.11.2023 06:33:27.259 GMT-0800,132.224,132.186,0.0012,0.0012
13.11.2023 06:33:27.340 GMT-0800,132.234,132.186,0.0012,0.0012
13.11.2023 06:33:27.711 GMT-0800,132.234,132.196,0.0012,0.0012
13.11.2023 06:33:27.817 GMT-0800,132.244,132.20600000000002,0.0012,0.0012
13.11.2023 06:33:27.968 GMT-0800,132.254,132.216,0.0012,0.0012
13.11.2023 06:33:28.171 GMT-0800,132.253,132.227,0.0012,0.0012
13.11.2023 06:33:28.363 GMT-0800,132.254,132.20600000000002,0.0012,0.0012
13.11.2023 06:33:28.432 GMT-0800,132.254,132.216,0.0012,0.0012
13.11.2023 06:33:29.443 GMT-0800,132.233,132.187,0.0012,0.0012
13.11.2023 06:33:29.493 GMT-0800,132.19299999999998,132.157,0.0012,0.0012
13.11.2023 06:33:29.544 GMT-0800,132.214,132.166,0.0012,0.0012
13.11.2023 06:33:29.594 GMT-0800,132.213,132.17700000000002,0.0012,0.0012
13.11.2023 06:33:29.746 GMT-0800,132.214,132.166,0.0012,0.0012
13.11.2023 06:33:29.840 GMT-0800,132.214,132.186,0.0012,0.0012
13.11.2023 06:33:30.126 GMT-0800,132.213,132.167,0.0012,0.0012
13.11.2023 06:33:30.603 GMT-0800,132.19299999999998,132.167,0.0012,0.0012
13.11.2023 06:33:30.654 GMT-0800,132.194,132.14600000000002,0.0012,0.0012
13.11.2023 06:33:30.704 GMT-0800,132.204,132.166,0.0012,0.0012
13.11.2023 06:33:30.805 GMT-0800,132.194,132.156,0.0012,0.0012
13.11.2023 06:33:30.912 GMT-0800,132.204,132.166,0.0012,0.0012
13.11.2023 06:33:31.013 GMT-0800,132.19299999999998,132.157,0.0012,0.0012
13.11.2023 06:33:31.229 GMT-0800,132.204,132.156,0.0012,0.0012
13.11.2023 06:33:31.279 GMT-0800,132.213,132.167,0.0012,0.0012
13.11.2023 06:33:31.788 GMT-0800,132.204,132.166,0.0012,0.0012
13.11.2023 06:33:32.026 GMT-0800,132.194,132.14600000000002,0.0012,0.0012
13.11.2023 06:33:32.077 GMT-0800,132.174,132.126,0.0012,0.0012
13.11.2023 06:33:32.178 GMT-0800,132.183,132.14700000000002,0.0012,0.0012
13.11.2023 06:33:32.442 GMT-0800,132.184,132.136,0.0012,0.0012
13.11.2023 06:33:32.493 GMT-0800,132.183,132.14700000000002,0.0012,0.0012
13.11.2023 06:33:32.629 GMT-0800,132.19299999999998,132.14700000000002,0.0012,0.0012
13.11.2023 06:33:32.680 GMT-0800,132.173,132.137,0.0012,0.0012
13.11.2023 06:33:32.858 GMT-0800,132.183,132.127,0.0012,0.0012
13.11.2023 06:33:32.944 GMT-0800,132.183,132.14700000000002,0.0012,0.0012
13.11.2023 06:33:33.184 GMT-0800,132.184,132.136,0.0012,0.0012
13.11.2023 06:33:33.237 GMT-0800,132.173,132.137,0.0012,0.0012
13.11.2023 06:33:33.351 GMT-0800,132.153,132.107,0.0012,0.0012
13.11.2023 06:33:33.407 GMT-0800,132.154,132.116,0.0012,0.0012
13.11.2023 06:33:34.537 GMT-0800,132.164,132.126,0.0012,0.0012
13.11.2023 06:33:34.637 GMT-0800,132.174,132.126,0.0012,0.0012
13.11.2023 06:33:34.688 GMT-0800,132.173,132.137,0.0012,0.0012
13.11.2023 06:33:34.840 GMT-0800,132.183,132.14700000000002,0.0012,0.0012
13.11.2023 06:33:35.040 GMT-0800,132.183,132.157,0.0012,0.0012
13.11.2023 06:33:35.090 GMT-0800,132.184,132.14600000000002,0.0012,0.0012
13.11.2023 06:33:35.432 GMT-0800,132.19299999999998,132.14700000000002,0.0012,0.0012
13.11.2023 06:33:35.519 GMT-0800,132.19299999999998,132.157,0.0012,0.0012
13.11.2023 06:33:36.004 GMT-0800,132.19299999999998,132.14700000000002,0.0012,0.0012
13.11.2023 06:33:36.055 GMT-0800,132.174,132.126,0.0012,0.0012
13.11.2023 06:33:36.192 GMT-0800,132.16299999999998,132.127,0.0012,0.0012
13.11.2023 06:33:36.293 GMT-0800,132.154,132.116,0.0012,0.0012
13.11.2023 06:33:36.344 GMT-0800,132.153,132.107,0.0012,0.0012
13.11.2023 06:33:36.506 GMT-0800,132.153,132.11700000000002,0.0012,0.0012
13.11.2023 06:33:38.822 GMT-0800,132.164,132.126,0.0012,0.0012
13.11.2023 06:33:39.479 GMT-0800,132.154,132.136,0.0012,0.0012
13.11.2023 06:33:39.530 GMT-0800,132.174,132.136,0.0012,0.0012
13.11.2023 06:33:39.626 GMT-0800,132.184,132.14600000000002,0.0012,0.0012
13.11.2023 06:33:40.179 GMT-0800,132.174,132.136,0.0012,0.0012
13.11.2023 06:33:40.315 GMT-0800,132.184,132.14600000000002,0.0012,0.0012
13.11.2023 06:33:40.538 GMT-0800,132.173,132.137,0.0012,0.0012
13.11.2023 06:33:42.060 GMT-0800,132.183,132.14700000000002,0.0012,0.0012
13.11.2023 06:33:42.234 GMT-0800,132.174,132.136,0.0012,0.0012
13.11.2023 06:33:42.442 GMT-0800,132.173,132.127,0.0012,0.0012
13.11.2023 06:33:42.493 GMT-0800,132.154,132.116,0.0012,0.0012
13.11.2023 06:33:42.544 GMT-0800,132.154,132.106,0.0012,0.0012
13.11.2023 06:33:42.958 GMT-0800,132.16299999999998,132.107,0.0012,0.0012
13.11.2023 06:33:43.009 GMT-0800,132.153,132.11700000000002,0.0012,0.0012
13.11.2023 06:33:43.399 GMT-0800,132.16299999999998,132.137,0.0012,0.0012
13.11.2023 06:33:43.503 GMT-0800,132.16299999999998,132.127,0.0012,0.0012
13.11.2023 06:33:43.709 GMT-0800,132.174,132.136,0.0012,0.0012
13.11.2023 06:33:43.827 GMT-0800,132.174,132.14600000000002,0.0012,0.0012
13.11.2023 06:33:44.003 GMT-0800,132.173,132.137,0.0012,0.0012
13.11.2023 06:33:44.053 GMT-0800,132.16299999999998,132.127,0.0012,0.0012
13.11.2023 06:33:44.270 GMT-0800,132.173,132.127,0.0012,0.0012
13.11.2023 06:33:44.587 GMT-0800,132.164,132.126,0.0012,0.0012
13.11.2023 06:33:44.847 GMT-0800,132.194,132.156,0.0012,0.0012
13.11.2023 06:33:44.997 GMT-0800,132.183,132.157,0.0012,0.0012
13.11.2023 06:33:45.109 GMT-0800,132.184,132.14600000000002,0.0012,0.0012
13.11.2023 06:33:47.543 GMT-0800,132.184,132.156,0.0012,0.0012
13.11.2023 06:33:47.599 GMT-0800,132.184,132.136,0.0012,0.0012
13.11.2023 06:33:47.674 GMT-0800,132.184,132.14600000000002,0.0012,0.0012
13.11.2023 06:33:48.159 GMT-0800,132.174,132.126,0.0012,0.0012
13.11.2023 06:33:48.879 GMT-0800,132.16299999999998,132.127,0.0012,0.0012
13.11.2023 06:33:49.520 GMT-0800,132.173,132.137,0.0012,0.0012
13.11.2023 06:33:50.428 GMT-0800,132.16299999999998,132.137,0.0012,0.0012
13.11.2023 06:33:50.478 GMT-0800,132.153,132.11700000000002,0.0012,0.0012
13.11.2023 06:33:50.529 GMT-0800,132.154,132.106,0.0012,0.0012
13.11.2023 06:33:50.731 GMT-0800,132.154,132.126,0.0012,0.0012
13.11.2023 06:33:50.919 GMT-0800,132.174,132.126,0.0012,0.0012
13.11.2023 06:33:50.969 GMT-0800,132.16299999999998,132.127,0.0012,0.0012
13.11.2023 06:33:51.105 GMT-0800,132.153,132.127,0.0012,0.0012
13.11.2023 06:33:51.882 GMT-0800,132.194,132.156,0.0012,0.0012
13.11.2023 06:33:51.933 GMT-0800,132.19299999999998,132.14700000000002,0.0012,0.0012
13.11.2023 06:33:52.061 GMT-0800,132.184,132.14600000000002,0.0012,0.0012
13.11.2023 06:33:52.162 GMT-0800,132.173,132.137,0.0012,0.0012
13.11.2023 06:33:52.396 GMT-0800,132.164,132.136,0.0012,0.0012
13.11.2023 06:33:52.446 GMT-0800,132.173,132.127,0.0012,0.0012
13.11.2023 06:33:52.497 GMT-0800,132.153,132.127,0.0012,0.0012
13.11.2023 06:33:53.156 GMT-0800,132.153,132.107,0.0012,0.0012
13.11.2023 06:33:53.628 GMT-0800,132.154,132.126,0.0012,0.0012
13.11.2023 06:33:53.905 GMT-0800,132.164,132.126,0.0012,0.0012
13.11.2023 06:33:53.956 GMT-0800,132.153,132.107,0.0012,0.0012
13.11.2023 06:33:54.051 GMT-0800,132.143,132.107,0.0012,0.0012
13.11.2023 06:33:54.460 GMT-0800,132.13299999999998,132.107,0.0012,0.0012
13.11.2023 06:33:54.857 GMT-0800,132.13299999999998,132.08700000000002,0.0012,0.0012
13.11.2023 06:33:55.561 GMT-0800,132.13299999999998,132.107,0.0012,0.0012
13.11.2023 06:33:55.963 GMT-0800,132.123,132.08700000000002,0.0012,0.0012
13.11.2023 06:33:57.301 GMT-0800,132.124,132.106,0.0012,0.0012
13.11.2023 06:33:57.412 GMT-0800,132.154,132.106,0.0012,0.0012
13.11.2023 06:33:57.544 GMT-0800,132.174,132.126,0.0012,0.0012
13.11.2023 06:33:57.734 GMT-0800,132.164,132.126,0.0012,0.0012
13.11.2023 06:33:57.949 GMT-0800,132.174,132.136,0.0012,0.0012
13.11.2023 06:33:58.344 GMT-0800,132.16299999999998,132.137,0.0012,0.0012
13.11.2023 06:33:58.451 GMT-0800,132.173,132.137,0.0012,0.0012
13.11.2023 06:33:58.651 GMT-0800,132.153,132.137,0.0012,0.0012
13.11.2023 06:33:58.706 GMT-0800,132.144,132.106,0.0012,0.0012
13.11.2023 06:33:58.807 GMT-0800,132.134,132.086,0.0012,0.0012
13.11.2023 06:33:58.952 GMT-0800,132.123,132.08700000000002,0.0012,0.0012
13.11.2023 06:33:59.396 GMT-0800,132.123,132.097,0.0012,0.0012
13.11.2023 06:33:59.607 GMT-0800,132.123,132.08700000000002,0.0012,0.0012
13.11.2023 06:33:59.702 GMT-0800,132.123,132.097,0.0012,0.0012
13.11.2023 06:33:59.779 GMT-0800,132.124,132.086,0.0012,0.0012
13.11.2023 06:33:59.829 GMT-0800,132.124,132.096,0.0012,0.0012
13.11.2023 06:33:59.989 GMT-0800,132.124,132.086,0.0012,0.0012
13.11.2023 06:34:00.962 GMT-0800,132.123,132.097,0.0012,0.0012
13.11.2023 06:34:01.149 GMT-0800,132.124,132.086,0.0012,0.0012
13.11.2023 06:34:01.757 GMT-0800,132.113,132.08700000000002,0.0012,0.0012
13.11.2023 06:34:01.858 GMT-0800,132.093,132.067,0.0012,0.0012
13.11.2023 06:34:02.218 GMT-0800,132.094,132.056,0.0012,0.0012
13.11.2023 06:34:02.269 GMT-0800,132.083,132.047,0.0012,0.0012
13.11.2023 06:34:02.371 GMT-0800,132.083,132.05700000000002,0.0012,0.0012
13.11.2023 06:34:02.421 GMT-0800,132.093,132.047,0.0012,0.0012
13.11.2023 06:34:02.472 GMT-0800,132.094,132.056,0.0012,0.0012
13.11.2023 06:34:02.600 GMT-0800,132.094,132.046,0.0012,0.0012
13.11.2023 06:34:02.650 GMT-0800,132.093,132.05700000000002,0.0012,0.0012
13.11.2023 06:34:02.701 GMT-0800,132.094,132.046,0.0012,0.0012
13.11.2023 06:34:02.752 GMT-0800,132.093,132.05700000000002,0.0012,0.0012
13.11.2023 06:34:02.983 GMT-0800,132.093,132.067,0.0012,0.0012
13.11.2023 06:34:03.126 GMT-0800,132.094,132.056,0.0012,0.0012
13.11.2023 06:34:03.241 GMT-0800,132.093,132.047,0.0012,0.0012
13.11.2023 06:34:03.292 GMT-0800,132.094,132.066,0.0012,0.0012
13.11.2023 06:34:03.585 GMT-0800,132.113,132.067,0.0012,0.0012
13.11.2023 06:34:03.636 GMT-0800,132.113,132.077,0.0012,0.0012
13.11.2023 06:34:04.006 GMT-0800,132.113,132.067,0.0012,0.0012
13.11.2023 06:34:04.107 GMT-0800,132.093,132.05700000000002,0.0012,0.0012
13.11.2023 06:34:04.568 GMT-0800,132.093,132.047,0.0012,0.0012
13.11.2023 06:34:05.203 GMT-0800,132.074,132.046,0.0012,0.0012
13.11.2023 06:34:05.254 GMT-0800,132.083,132.037,0.0012,0.0012
13.11.2023 06:34:05.386 GMT-0800,132.073,132.037,0.0012,0.0012
13.11.2023 06:34:06.076 GMT-0800,132.084,132.046,0.0012,0.0012
13.11.2023 06:34:06.283 GMT-0800,132.093,132.067,0.0012,0.0012
13.11.2023 06:34:06.334 GMT-0800,132.103,132.067,0.0012,0.0012
13.11.2023 06:34:06.607 GMT-0800,132.10399999999998,132.076,0.0012,0.0012
13.11.2023 06:34:06.781 GMT-0800,132.123,132.097,0.0012,0.0012
13.11.2023 06:34:06.831 GMT-0800,132.153,132.107,0.0012,0.0012
13.11.2023 06:34:06.978 GMT-0800,132.134,132.096,0.0012,0.0012
13.11.2023 06:34:07.116 GMT-0800,132.154,132.106,0.0012,0.0012
13.11.2023 06:34:07.249 GMT-0800,132.153,132.11700000000002,0.0012,0.0012
13.11.2023 06:34:07.647 GMT-0800,132.143,132.127,0.0012,0.0012
13.11.2023 06:34:07.755 GMT-0800,132.144,132.116,0.0012,0.0012
13.11.2023 06:34:07.945 GMT-0800,132.13299999999998,132.107,0.0012,0.0012
13.11.2023 06:34:08.140 GMT-0800,132.143,132.107,0.0012,0.0012
13.11.2023 06:34:08.240 GMT-0800,132.134,132.106,0.0012,0.0012
13.11.2023 06:34:08.291 GMT-0800,132.13299999999998,132.08700000000002,0.0012,0.0012
13.11.2023 06:34:08.341 GMT-0800,132.124,132.086,0.0012,0.0012
13.11.2023 06:34:08.837 GMT-0800,132.13299999999998,132.08700000000002,0.0012,0.0012
13.11.2023 06:34:08.942 GMT-0800,132.134,132.096,0.0012,0.0012
13.11.2023 06:34:09.043 GMT-0800,132.113,132.067,0.0012,0.0012
13.11.2023 06:34:09.908 GMT-0800,132.103,132.067,0.0012,0.0012
13.11.2023 06:34:09.958 GMT-0800,132.103,132.05700000000002,0.0012,0.0012
13.11.2023 06:34:10.021 GMT-0800,132.093,132.05700000000002,0.0012,0.0012
13.11.2023 06:34:10.135 GMT-0800,132.113,132.067,0.0012,0.0012
13.11.2023 06:34:10.636 GMT-0800,132.114,132.086,0.0012,0.0012
13.11.2023 06:34:10.790 GMT-0800,132.113,132.077,0.0012,0.0012
13.11.2023 06:34:10.975 GMT-0800,132.103,132.05700000000002,0.0012,0.0012
13.11.2023 06:34:11.025 GMT-0800,132.10399999999998,132.066,0.0012,0.0012
13.11.2023 06:34:11.170 GMT-0800,132.094,132.066,0.0012,0.0012
13.11.2023 06:34:11.221 GMT-0800,132.103,132.067,0.0012,0.0012
13.11.2023 06:34:11.283 GMT-0800,132.093,132.05700000000002,0.0012,0.0012
13.11.2023 06:34:11.384 GMT-0800,132.074,132.036,0.0012,0.0012
13.11.2023 06:34:12.318 GMT-0800,132.094,132.056,0.0012,0.0012
13.11.2023 06:34:12.369 GMT-0800,132.094,132.046,0.0012,0.0012
13.11.2023 06:34:12.419 GMT-0800,132.084,132.046,0.0012,0.0012
13.11.2023 06:34:12.520 GMT-0800,132.074,132.036,0.0012,0.0012
13.11.2023 06:34:12.621 GMT-0800,132.094,132.046,0.0012,0.0012
13.11.2023 06:34:12.798 GMT-0800,132.093,132.05700000000002,0.0012,0.0012
13.11.2023 06:34:12.899 GMT-0800,132.084,132.046,0.0012,0.0012
13.11.2023 06:34:12.971 GMT-0800,132.093,132.047,0.0012,0.0012
13.11.2023 06:34:13.022 GMT-0800,132.083,132.047,0.0012,0.0012
13.11.2023 06:34:13.073 GMT-0800,132.073,132.02700000000002,0.0012,0.0012
13.11.2023 06:34:13.131 GMT-0800,132.084,132.046,0.0012,0.0012
13.11.2023 06:34:13.519 GMT-0800,132.074,132.036,0.0012,0.0012
13.11.2023 06:34:13.620 GMT-0800,132.054,132.026,0.0012,0.0012
13.11.2023 06:34:13.670 GMT-0800,132.064,132.026,0.0012,0.0012
13.11.2023 06:34:13.778 GMT-0800,132.064,132.01600000000002,0.0012,0.0012
13.11.2023 06:34:13.887 GMT-0800,132.063,132.02700000000002,0.0012,0.0012
13.11.2023 06:34:14.264 GMT-0800,132.054,132.01600000000002,0.0012,0.0012
13.11.2023 06:34:14.597 GMT-0800,132.063,132.02700000000002,0.0012,0.0012
13.11.2023 06:34:14.698 GMT-0800,132.043,132.007,0.0012,0.0012
13.11.2023 06:34:14.834 GMT-0800,132.053,132.017,0.0012,0.0012
13.11.2023 06:34:15.150 GMT-0800,132.054,132.006,0.0012,0.0012
13.11.2023 06:34:15.542 GMT-0800,132.043,132.007,0.0012,0.0012
13.11.2023 06:34:15.691 GMT-0800,132.034,131.996,0.0012,0.0012
13.11.2023 06:34:15.888 GMT-0800,132.024,131.996,0.0012,0.0012
13.11.2023 06:34:16.172 GMT-0800,132.014,131.98600000000002,0.0012,0.0012
13.11.2023 06:34:16.337 GMT-0800,132.013,131.977,0.0012,0.0012
13.11.2023 06:34:16.512 GMT-0800,131.993,131.977,0.0012,0.0012
13.11.2023 06:34:16.562 GMT-0800,131.993,131.967,0.0012,0.0012
13.11.2023 06:34:16.822 GMT-0800,131.993,131.95700000000002,0.0012,0.0012
13.11.2023 06:34:16.945 GMT-0800,131.964,131.946,0.0012,0.0012
13.11.2023 06:34:16.996 GMT-0800,131.954,131.92600000000002,0.0012,0.0012
13.11.2023 06:34:17.330 GMT-0800,131.953,131.917,0.0012,0.0012
13.11.2023 06:34:17.381 GMT-0800,131.934,131.89600000000002,0.0012,0.0012
13.11.2023 06:34:17.509 GMT-0800,131.924,131.886,0.0012,0.0012
13.11.2023 06:34:17.610 GMT-0800,131.94299999999998,131.917,0.0012,0.0012
13.11.2023 06:34:17.660 GMT-0800,131.944,131.906,0.0012,0.0012
13.11.2023 06:34:17.711 GMT-0800,131.953,131.917,0.0012,0.0012
13.11.2023 06:34:17.761 GMT-0800,131.974,131.92600000000002,0.0012,0.0012
13.11.2023 06:34:17.812 GMT-0800,131.983,131.947,0.0012,0.0012
13.11.2023 06:34:17.948 GMT-0800,131.974,131.936,0.0012,0.0012
13.11.2023 06:34:18.569 GMT-0800,131.974,131.92600000000002,0.0012,0.0012
13.11.2023 06:34:18.620 GMT-0800,131.963,131.92700000000002,0.0012,0.0012
13.11.2023 06:34:19.182 GMT-0800,131.983,131.947,0.0012,0.0012
13.11.2023 06:34:19.232 GMT-0800,131.994,131.946,0.0012,0.0012
13.11.2023 06:34:19.318 GMT-0800,131.993,131.95700000000002,0.0012,0.0012
13.11.2023 06:34:19.475 GMT-0800,131.984,131.936,0.0012,0.0012
13.11.2023 06:34:19.576 GMT-0800,131.983,131.947,0.0012,0.0012
13.11.2023 06:34:19.732 GMT-0800,131.974,131.946,0.0012,0.0012
13.11.2023 06:34:19.843 GMT-0800,131.974,131.936,0.0012,0.0012
13.11.2023 06:34:19.902 GMT-0800,131.984,131.936,0.0012,0.0012
13.11.2023 06:34:19.973 GMT-0800,131.983,131.947,0.0012,0.0012
13.11.2023 06:34:20.074 GMT-0800,131.97299999999998,131.937,0.0012,0.0012
13.11.2023 06:34:20.124 GMT-0800,131.963,131.917,0.0012,0.0012
13.11.2023 06:34:20.175 GMT-0800,131.964,131.92600000000002,0.0012,0.0012
13.11.2023 06:34:20.276 GMT-0800,131.974,131.936,0.0012,0.0012
13.11.2023 06:34:20.648 GMT-0800,131.984,131.946,0.0012,0.0012
13.11.2023 06:34:20.913 GMT-0800,131.994,131.966,0.0012,0.0012
13.11.2023 06:34:20.963 GMT-0800,131.993,131.947,0.0012,0.0012
13.11.2023 06:34:21.180 GMT-0800,131.994,131.936,0.0012,0.0012
13.11.2023 06:34:21.253 GMT-0800,131.97299999999998,131.937,0.0012,0.0012
13.11.2023 06:34:21.459 GMT-0800,131.97299999999998,131.92700000000002,0.0012,0.0012
13.11.2023 06:34:21.675 GMT-0800,131.97299999999998,131.937,0.0012,0.0012
13.11.2023 06:34:21.726 GMT-0800,131.97299999999998,131.92700000000002,0.0012,0.0012
13.11.2023 06:34:21.793 GMT-0800,131.97299999999998,131.937,0.0012,0.0012
13.11.2023 06:34:21.844 GMT-0800,131.974,131.92600000000002,0.0012,0.0012
13.11.2023 06:34:21.956 GMT-0800,131.964,131.92600000000002,0.0012,0.0012
13.11.2023 06:34:22.058 GMT-0800,131.974,131.936,0.0012,0.0012
13.11.2023 06:34:22.242 GMT-0800,131.97299999999998,131.92700000000002,0.0012,0.0012
13.11.2023 06:34:22.316 GMT-0800,131.97299999999998,131.937,0.0012,0.0012
13.11.2023 06:34:22.366 GMT-0800,131.974,131.92600000000002,0.0012,0.0012
13.11.2023 06:34:22.622 GMT-0800,131.974,131.936,0.0012,0.0012
13.11.2023 06:34:22.770 GMT-0800,131.983,131.95700000000002,0.0012,0.0012
13.11.2023 06:34:22.927 GMT-0800,131.983,131.947,0.0012,0.0012
13.11.2023 06:34:23.028 GMT-0800,131.97299999999998,131.937,0.0012,0.0012
13.11.2023 06:34:23.078 GMT-0800,131.994,131.936,0.0012,0.0012
13.11.2023 06:34:23.372 GMT-0800,131.993,131.95700000000002,0.0012,0.0012
13.11.2023 06:34:23.573 GMT-0800,132.003,131.967,0.0012,0.0012
13.11.2023 06:34:23.710 GMT-0800,131.993,131.967,0.0012,0.0012
13.11.2023 06:34:23.761 GMT-0800,132.023,131.98700000000002,0.0012,0.0012
13.11.2023 06:34:23.814 GMT-0800,132.013,131.98700000000002,0.0012,0.0012
13.11.2023 06:34:23.865 GMT-0800,132.014,131.976,0.0012,0.0012
13.11.2023 06:34:24.264 GMT-0800,132.023,131.98700000000002,0.0012,0.0012
13.11.2023 06:34:24.447 GMT-0800,132.024,131.976,0.0012,0.0012
13.11.2023 06:34:24.498 GMT-0800,132.023,131.98700000000002,0.0012,0.0012
13.11.2023 06:34:24.548 GMT-0800,132.024,131.976,0.0012,0.0012
13.11.2023 06:34:24.604 GMT-0800,132.023,131.997,0.0012,0.0012
13.11.2023 06:34:24.701 GMT-0800,132.034,131.996,0.0012,0.0012
