Local time,Ask,Bid,AskVolume,BidVolume
13.11.2023 06:30:02.404 GMT-0800,145.634,145.42600000000002,0.12,0.12
13.11.2023 06:30:02.506 GMT-0800,145.643,145.567,0.12,0.0009
13.11.2023 06:30:02.556 GMT-0800,145.644,145.566,0.12,0.12
13.11.2023 06:30:02.771 GMT-0800,145.674,145.566,0.12,0.12
13.11.2023 06:30:02.923 GMT-0800,145.664,145.566,0.0009,0.09
13.11.2023 06:30:02.974 GMT-0800,145.66299999999998,145.51700000000002,0.12,0.0009
13.11.2023 06:30:03.024 GMT-0800,145.614,145.526,0.0009,0.0009
13.11.2023 06:30:03.126 GMT-0800,145.594,145.526,0.0009,0.09
13.11.2023 06:30:03.177 GMT-0800,145.593,145.51700000000002,0.12,0.09
13.11.2023 06:30:03.379 GMT-0800,145.614,145.51600000000002,0.12,0.12
13.11.2023 06:30:03.480 GMT-0800,145.604,145.51600000000002,0.0009,0.12
13.11.2023 06:30:03.585 GMT-0800,145.593,145.51700000000002,0.0009,0.09
13.11.2023 06:30:03.636 GMT-0800,145.603,145.51700000000002,0.12,0.12
13.11.2023 06:30:03.838 GMT-0800,145.614,145.51600000000002,0.12,0.12
13.11.2023 06:30:04.148 GMT-0800,145.644,145.51600000000002,0.12,0.12
13.11.2023 06:30:04.394 GMT-0800,145.884,145.656,0.12,0.12
13.11.2023 06:30:04.665 GMT-0800,145.894,145.716,0.12,0.0009
13.11.2023 06:30:04.961 GMT-0800,145.75,145.717,0.0009,0.09
13.11.2023 06:30:05.012 GMT-0800,145.743,145.657,0.12,0.12
13.11.2023 06:30:05.063 GMT-0800,145.744,145.666,0.12,0.0009
13.11.2023 06:30:05.177 GMT-0800,145.753,145.667,0.12,0.12
13.11.2023 06:30:05.346 GMT-0800,145.884,145.666,0.12,0.12
13.11.2023 06:30:05.860 GMT-0800,145.933,145.727,0.12,0.0009
13.11.2023 06:30:05.911 GMT-0800,145.933,145.727,0.12,0.12
13.11.2023 06:30:05.962 GMT-0800,145.923,145.727,0.0009,0.12
13.11.2023 06:30:07.002 GMT-0800,145.933,145.787,0.12,0.0009
13.11.2023 06:30:07.053 GMT-0800,145.934,145.746,0.12,0.0009
13.11.2023 06:30:07.157 GMT-0800,145.924,145.756,0.12,0.12
13.11.2023 06:30:07.944 GMT-0800,145.923,145.747,0.12,0.12
13.11.2023 06:30:08.668 GMT-0800,145.923,145.727,0.12,0.12
13.11.2023 06:30:08.897 GMT-0800,145.923,145.76700000000002,0.12,0.0009
13.11.2023 06:30:09.183 GMT-0800,145.844,145.726,0.12,0.12
13.11.2023 06:30:09.473 GMT-0800,145.793,145.727,0.0009,0.12
13.11.2023 06:30:09.523 GMT-0800,145.844,145.726,0.12,0.12
13.11.2023 06:30:09.574 GMT-0800,145.804,145.726,0.12,0.12
13.11.2023 06:30:10.182 GMT-0800,145.844,145.726,0.12,0.12
13.11.2023 06:30:10.524 GMT-0800,145.863,145.727,0.12,0.12
13.11.2023 06:30:10.575 GMT-0800,145.813,145.727,0.0009,0.12
13.11.2023 06:30:10.800 GMT-0800,145.863,145.727,0.12,0.12
13.11.2023 06:30:11.979 GMT-0800,145.873,145.747,0.12,0.0009
13.11.2023 06:30:12.682 GMT-0800,145.864,145.73600000000002,0.12,0.12
13.11.2023 06:30:12.927 GMT-0800,145.864,145.746,0.12,0.0009
13.11.2023 06:30:13.194 GMT-0800,145.863,145.727,0.12,0.12
13.11.2023 06:30:13.898 GMT-0800,145.794,145.716,0.12,0.12
13.11.2023 06:30:15.016 GMT-0800,145.794,145.73600000000002,0.12,0.0009
13.11.2023 06:30:16.755 GMT-0800,145.803,145.747,0.12,0.0009
13.11.2023 06:30:16.805 GMT-0800,145.804,145.746,0.12,0.12
13.11.2023 06:30:16.856 GMT-0800,145.794,145.746,0.0009,0.09
13.11.2023 06:30:16.907 GMT-0800,145.793,145.73700000000002,0.12,0.12
13.11.2023 06:30:17.298 GMT-0800,145.804,145.746,0.12,0.0009
13.11.2023 06:30:17.349 GMT-0800,145.803,145.73700000000002,0.12,0.12
13.11.2023 06:30:17.399 GMT-0800,145.793,145.73700000000002,0.0009,0.09
13.11.2023 06:30:17.610 GMT-0800,145.803,145.73700000000002,0.12,0.12
13.11.2023 06:30:17.661 GMT-0800,145.793,145.73700000000002,0.12,0.12
13.11.2023 06:30:17.780 GMT-0800,145.794,145.726,0.12,0.12
13.11.2023 06:30:17.832 GMT-0800,145.764,145.726,0.0009,0.09
13.11.2023 06:30:17.883 GMT-0800,145.764,145.70600000000002,0.12,0.12
13.11.2023 06:30:17.984 GMT-0800,145.763,145.697,0.12,0.12
13.11.2023 06:30:18.036 GMT-0800,145.753,145.697,0.0009,0.12
13.11.2023 06:30:18.221 GMT-0800,145.764,145.70600000000002,0.12,0.12
13.11.2023 06:30:18.354 GMT-0800,145.754,145.696,0.12,0.12
13.11.2023 06:30:18.486 GMT-0800,145.764,145.70600000000002,0.12,0.12
13.11.2023 06:30:18.536 GMT-0800,145.764,145.696,0.12,0.12
13.11.2023 06:30:19.067 GMT-0800,145.763,145.70700000000002,0.12,0.0009
13.11.2023 06:30:19.337 GMT-0800,145.764,145.696,0.12,0.12
13.11.2023 06:30:19.388 GMT-0800,145.763,145.667,0.12,0.12
13.11.2023 06:30:20.703 GMT-0800,145.794,145.666,0.12,0.12
13.11.2023 06:30:21.154 GMT-0800,145.843,145.687,0.12,0.0009
13.11.2023 06:30:21.204 GMT-0800,145.843,145.687,0.12,0.12
13.11.2023 06:30:21.962 GMT-0800,145.854,145.686,0.12,0.12
13.11.2023 06:30:22.063 GMT-0800,145.874,145.686,0.12,0.12
13.11.2023 06:30:22.114 GMT-0800,145.863,145.687,0.12,0.12
13.11.2023 06:30:25.822 GMT-0800,145.863,145.76700000000002,0.12,0.0009
13.11.2023 06:30:26.741 GMT-0800,145.863,145.757,0.12,0.12
13.11.2023 06:30:26.792 GMT-0800,145.813,145.757,0.12,0.09
13.11.2023 06:30:26.843 GMT-0800,145.814,145.746,0.12,0.12
13.11.2023 06:30:28.328 GMT-0800,145.864,145.746,0.12,0.12
13.11.2023 06:30:28.614 GMT-0800,145.864,145.726,0.12,0.12
13.11.2023 06:30:28.902 GMT-0800,145.863,145.747,0.12,0.0009
13.11.2023 06:30:29.607 GMT-0800,145.863,145.757,0.12,0.0009
13.11.2023 06:30:31.112 GMT-0800,145.804,145.756,0.0009,0.09
13.11.2023 06:30:31.163 GMT-0800,145.823,145.727,0.12,0.12
13.11.2023 06:30:31.526 GMT-0800,145.843,145.727,0.12,0.12
13.11.2023 06:30:31.577 GMT-0800,145.844,145.726,0.12,0.12
13.11.2023 06:30:31.989 GMT-0800,145.863,145.77700000000002,0.12,0.0009
13.11.2023 06:30:32.039 GMT-0800,145.863,145.77700000000002,0.12,0.12
13.11.2023 06:30:32.092 GMT-0800,145.863,145.787,0.12,0.0009
13.11.2023 06:30:32.255 GMT-0800,145.864,145.776,0.12,0.12
13.11.2023 06:30:32.378 GMT-0800,145.864,145.76600000000002,0.12,0.12
13.11.2023 06:30:33.975 GMT-0800,145.884,145.76600000000002,0.12,0.12
13.11.2023 06:30:34.261 GMT-0800,145.894,145.79600000000002,0.12,0.0009
13.11.2023 06:30:34.312 GMT-0800,146.084,145.816,0.12,0.12
13.11.2023 06:30:37.261 GMT-0800,145.895,145.816,0.0009,0.09
13.11.2023 06:30:37.312 GMT-0800,146.083,145.86700000000002,0.12,0.12
13.11.2023 06:30:37.729 GMT-0800,146.083,145.817,0.12,0.12
13.11.2023 06:30:37.780 GMT-0800,146.083,145.797,0.12,0.12
13.11.2023 06:30:37.831 GMT-0800,146.084,145.816,0.12,0.12
13.11.2023 06:30:37.932 GMT-0800,145.894,145.816,0.12,0.12
13.11.2023 06:30:38.304 GMT-0800,145.914,145.816,0.12,0.12
13.11.2023 06:30:38.449 GMT-0800,145.914,145.806,0.12,0.12
13.11.2023 06:30:38.500 GMT-0800,145.914,145.816,0.12,0.0009
13.11.2023 06:30:38.867 GMT-0800,145.914,145.79600000000002,0.12,0.12
13.11.2023 06:30:39.001 GMT-0800,145.934,145.79600000000002,0.12,0.12
13.11.2023 06:30:43.290 GMT-0800,145.884,145.79600000000002,0.0009,0.12
13.11.2023 06:30:43.808 GMT-0800,145.894,145.79600000000002,0.12,0.12
13.11.2023 06:30:43.859 GMT-0800,145.884,145.79600000000002,0.0009,0.12
13.11.2023 06:30:43.910 GMT-0800,145.894,145.79600000000002,0.12,0.12
13.11.2023 06:30:44.062 GMT-0800,145.953,145.857,0.12,0.12
13.11.2023 06:30:44.574 GMT-0800,145.903,145.857,0.0009,0.12
13.11.2023 06:30:45.086 GMT-0800,145.903,145.83700000000002,0.12,0.12
13.11.2023 06:30:45.687 GMT-0800,145.903,145.857,0.12,0.0009
13.11.2023 06:30:45.885 GMT-0800,145.894,145.856,0.0009,0.09
13.11.2023 06:30:45.936 GMT-0800,145.903,145.847,0.12,0.12
13.11.2023 06:30:45.989 GMT-0800,145.903,145.857,0.12,0.0009
13.11.2023 06:30:46.090 GMT-0800,145.903,145.847,0.12,0.12
13.11.2023 06:30:46.141 GMT-0800,145.893,145.847,0.12,0.12
13.11.2023 06:30:46.263 GMT-0800,145.903,145.857,0.12,0.09
13.11.2023 06:30:46.314 GMT-0800,145.903,145.847,0.12,0.12
13.11.2023 06:30:46.385 GMT-0800,145.894,145.846,0.0009,0.12
13.11.2023 06:30:46.752 GMT-0800,145.903,145.83700000000002,0.12,0.12
13.11.2023 06:30:46.803 GMT-0800,145.894,145.836,0.0009,0.12
13.11.2023 06:30:46.854 GMT-0800,145.903,145.83700000000002,0.12,0.12
13.11.2023 06:30:47.195 GMT-0800,145.964,145.846,0.12,0.0009
13.11.2023 06:30:47.246 GMT-0800,145.893,145.827,0.12,0.12
13.11.2023 06:30:47.297 GMT-0800,145.91299999999998,145.827,0.12,0.12
13.11.2023 06:30:47.398 GMT-0800,145.914,145.836,0.12,0.0009
13.11.2023 06:30:47.606 GMT-0800,145.893,145.83700000000002,0.0009,0.12
13.11.2023 06:30:48.091 GMT-0800,145.934,145.836,0.12,0.0009
13.11.2023 06:30:48.142 GMT-0800,145.934,145.836,0.12,0.12
13.11.2023 06:30:48.427 GMT-0800,145.934,145.826,0.12,0.12
13.11.2023 06:30:49.213 GMT-0800,145.934,145.836,0.12,0.0009
13.11.2023 06:30:49.264 GMT-0800,145.933,145.827,0.12,0.12
13.11.2023 06:30:50.361 GMT-0800,145.934,145.836,0.12,0.0009
13.11.2023 06:30:51.321 GMT-0800,145.894,145.836,0.0009,0.12
13.11.2023 06:30:51.837 GMT-0800,145.893,145.827,0.12,0.12
13.11.2023 06:30:51.889 GMT-0800,145.893,145.83700000000002,0.12,0.0009
13.11.2023 06:30:52.267 GMT-0800,145.893,145.827,0.12,0.12
13.11.2023 06:30:52.319 GMT-0800,145.893,145.83700000000002,0.12,0.0009
13.11.2023 06:30:52.370 GMT-0800,145.893,145.827,0.12,0.12
13.11.2023 06:30:52.438 GMT-0800,145.894,145.836,0.12,0.0009
13.11.2023 06:30:53.243 GMT-0800,145.893,145.827,0.12,0.12
13.11.2023 06:30:53.869 GMT-0800,145.874,145.776,0.12,0.12
13.11.2023 06:30:55.279 GMT-0800,145.873,145.787,0.12,0.0009
13.11.2023 06:30:55.330 GMT-0800,145.873,145.77700000000002,0.12,0.12
13.11.2023 06:30:55.480 GMT-0800,145.874,145.786,0.12,0.0009
13.11.2023 06:30:55.694 GMT-0800,145.873,145.77700000000002,0.12,0.12
13.11.2023 06:30:56.974 GMT-0800,145.873,145.787,0.12,0.0009
13.11.2023 06:30:57.167 GMT-0800,145.853,145.787,0.0009,0.09
13.11.2023 06:30:57.218 GMT-0800,145.853,145.77700000000002,0.12,0.12
13.11.2023 06:30:57.876 GMT-0800,145.863,145.787,0.12,0.0009
13.11.2023 06:30:57.927 GMT-0800,145.864,145.786,0.12,0.12
13.11.2023 06:30:57.978 GMT-0800,145.853,145.787,0.12,0.12
13.11.2023 06:30:58.131 GMT-0800,145.864,145.786,0.12,0.12
13.11.2023 06:30:58.378 GMT-0800,145.853,145.787,0.0009,0.12
13.11.2023 06:30:58.429 GMT-0800,145.864,145.786,0.12,0.12
13.11.2023 06:30:58.584 GMT-0800,145.854,145.786,0.0009,0.12
13.11.2023 06:30:59.290 GMT-0800,145.853,145.77700000000002,0.12,0.12
13.11.2023 06:30:59.358 GMT-0800,145.853,145.787,0.12,0.0009
13.11.2023 06:30:59.409 GMT-0800,145.854,145.776,0.12,0.12
13.11.2023 06:30:59.694 GMT-0800,145.853,145.747,0.12,0.12
13.11.2023 06:30:59.794 GMT-0800,145.763,145.747,0.0009,0.09
13.11.2023 06:30:59.960 GMT-0800,145.854,145.746,0.12,0.09
13.11.2023 06:31:00.086 GMT-0800,145.724,145.626,0.12,0.0009
13.11.2023 06:31:00.636 GMT-0800,145.724,145.616,0.12,0.12
13.11.2023 06:31:00.686 GMT-0800,145.724,145.626,0.12,0.0009
13.11.2023 06:31:00.918 GMT-0800,145.72299999999998,145.67700000000002,0.12,0.0009
13.11.2023 06:31:01.172 GMT-0800,145.72299999999998,145.687,0.12,0.0009
13.11.2023 06:31:02.396 GMT-0800,145.724,145.696,0.12,0.12
13.11.2023 06:31:02.679 GMT-0800,145.724,145.686,0.12,0.12
13.11.2023 06:31:02.900 GMT-0800,145.713,145.637,0.12,0.12
13.11.2023 06:31:02.960 GMT-0800,145.714,145.64600000000002,0.12,0.0009
13.11.2023 06:31:03.062 GMT-0800,145.724,145.636,0.12,0.12
13.11.2023 06:31:03.113 GMT-0800,145.72299999999998,145.64700000000002,0.12,0.0009
13.11.2023 06:31:03.900 GMT-0800,145.724,145.626,0.12,0.12
13.11.2023 06:31:03.951 GMT-0800,145.724,145.606,0.12,0.12
13.11.2023 06:31:05.216 GMT-0800,145.704,145.606,0.0009,0.12
13.11.2023 06:31:06.537 GMT-0800,145.72299999999998,145.607,0.12,0.12
13.11.2023 06:31:08.656 GMT-0800,145.724,145.596,0.12,0.12
13.11.2023 06:31:08.914 GMT-0800,145.724,145.616,0.12,0.0009
13.11.2023 06:31:09.019 GMT-0800,145.713,145.61700000000002,0.0009,0.12
13.11.2023 06:31:09.568 GMT-0800,145.724,145.616,0.12,0.12
13.11.2023 06:31:09.970 GMT-0800,145.724,145.596,0.12,0.12
13.11.2023 06:31:10.206 GMT-0800,145.743,145.597,0.12,0.12
13.11.2023 06:31:10.985 GMT-0800,145.813,145.697,0.12,0.0009
13.11.2023 06:31:11.036 GMT-0800,145.813,145.70700000000002,0.12,0.12
13.11.2023 06:31:11.087 GMT-0800,145.823,145.70700000000002,0.12,0.12
13.11.2023 06:31:11.153 GMT-0800,145.813,145.70700000000002,0.0009,0.12
13.11.2023 06:31:15.149 GMT-0800,145.824,145.70600000000002,0.12,0.12
13.11.2023 06:31:15.206 GMT-0800,145.813,145.70700000000002,0.0009,0.12
13.11.2023 06:31:15.397 GMT-0800,145.853,145.70700000000002,0.12,0.12
13.11.2023 06:31:16.136 GMT-0800,145.854,145.756,0.12,0.0009
13.11.2023 06:31:16.940 GMT-0800,145.854,145.76600000000002,0.12,0.0009
13.11.2023 06:31:17.042 GMT-0800,145.844,145.776,0.12,0.12
13.11.2023 06:31:17.956 GMT-0800,145.853,145.77700000000002,0.12,0.12
13.11.2023 06:31:18.556 GMT-0800,145.934,145.826,0.12,0.0009
13.11.2023 06:31:18.607 GMT-0800,145.923,145.827,0.12,0.12
13.11.2023 06:31:19.606 GMT-0800,145.923,145.797,0.12,0.12
13.11.2023 06:31:20.604 GMT-0800,145.934,145.866,0.12,0.0009
13.11.2023 06:31:20.654 GMT-0800,145.934,145.79600000000002,0.12,0.12
13.11.2023 06:31:20.774 GMT-0800,145.923,145.797,0.0009,0.12
13.11.2023 06:31:21.431 GMT-0800,145.924,145.826,0.12,0.0009
13.11.2023 06:31:21.788 GMT-0800,145.924,145.79600000000002,0.12,0.12
13.11.2023 06:31:22.031 GMT-0800,145.924,145.776,0.12,0.09
13.11.2023 06:31:22.082 GMT-0800,145.924,145.756,0.12,0.12
13.11.2023 06:31:25.067 GMT-0800,145.934,145.756,0.12,0.12
13.11.2023 06:31:28.358 GMT-0800,145.953,145.757,0.12,0.12
13.11.2023 06:31:29.564 GMT-0800,145.883,145.757,0.0009,0.12
13.11.2023 06:31:29.615 GMT-0800,145.954,145.756,0.12,0.12
13.11.2023 06:31:30.404 GMT-0800,145.923,145.757,0.0009,0.12
13.11.2023 06:31:30.629 GMT-0800,145.924,145.73600000000002,0.12,0.12
13.11.2023 06:31:30.761 GMT-0800,145.923,145.70700000000002,0.12,0.12
13.11.2023 06:31:30.894 GMT-0800,145.804,145.70600000000002,0.0009,0.09
13.11.2023 06:31:30.945 GMT-0800,145.803,145.687,0.12,0.12
13.11.2023 06:31:30.999 GMT-0800,145.804,145.696,0.12,0.0009
13.11.2023 06:31:31.920 GMT-0800,145.804,145.626,0.12,0.12
13.11.2023 06:31:32.348 GMT-0800,145.803,145.597,0.12,0.12
13.11.2023 06:31:35.639 GMT-0800,145.803,145.64700000000002,0.12,0.0009
13.11.2023 06:31:37.563 GMT-0800,145.803,145.717,0.12,0.0009
13.11.2023 06:31:42.597 GMT-0800,145.783,145.717,0.0009,0.12
13.11.2023 06:31:42.648 GMT-0800,145.803,145.717,0.12,0.12
13.11.2023 06:31:42.698 GMT-0800,145.794,145.716,0.12,0.12
13.11.2023 06:31:42.749 GMT-0800,145.803,145.717,0.12,0.12
13.11.2023 06:31:42.800 GMT-0800,145.804,145.716,0.12,0.12
13.11.2023 06:31:42.850 GMT-0800,145.803,145.717,0.12,0.12
13.11.2023 06:31:42.951 GMT-0800,145.793,145.717,0.0009,0.12
13.11.2023 06:31:43.002 GMT-0800,145.804,145.716,0.12,0.12
13.11.2023 06:31:43.561 GMT-0800,145.783,145.717,0.0009,0.12
13.11.2023 06:31:43.612 GMT-0800,145.804,145.716,0.12,0.12
13.11.2023 06:31:43.952 GMT-0800,145.774,145.716,0.0009,0.12
13.11.2023 06:31:44.002 GMT-0800,145.803,145.717,0.12,0.12
13.11.2023 06:31:44.348 GMT-0800,145.804,145.726,0.12,0.0009
13.11.2023 06:31:44.399 GMT-0800,145.804,145.716,0.12,0.12
13.11.2023 06:31:44.584 GMT-0800,145.803,145.727,0.12,0.12
13.11.2023 06:31:44.634 GMT-0800,145.804,145.716,0.12,0.12
13.11.2023 06:31:44.957 GMT-0800,145.813,145.717,0.12,0.12
13.11.2023 06:31:47.078 GMT-0800,145.823,145.73700000000002,0.12,0.12
13.11.2023 06:31:47.200 GMT-0800,145.814,145.73600000000002,0.12,0.12
13.11.2023 06:31:47.975 GMT-0800,145.813,145.747,0.12,0.0009
13.11.2023 06:31:48.127 GMT-0800,145.814,145.756,0.12,0.0009
13.11.2023 06:31:48.178 GMT-0800,145.813,145.747,0.12,0.12
13.11.2023 06:31:49.122 GMT-0800,145.813,145.757,0.12,0.0009
13.11.2023 06:31:49.174 GMT-0800,145.814,145.746,0.12,0.12
13.11.2023 06:31:49.255 GMT-0800,145.814,145.756,0.12,0.0009
13.11.2023 06:31:50.114 GMT-0800,145.823,145.757,0.12,0.12
13.11.2023 06:31:50.166 GMT-0800,145.813,145.757,0.0009,0.12
13.11.2023 06:31:50.417 GMT-0800,145.814,145.746,0.12,0.12
13.11.2023 06:31:50.468 GMT-0800,145.814,145.756,0.12,0.0009
13.11.2023 06:31:50.569 GMT-0800,145.813,145.747,0.12,0.12
13.11.2023 06:31:51.117 GMT-0800,145.773,145.747,0.0009,0.09
13.11.2023 06:31:51.168 GMT-0800,145.804,145.746,0.0009,0.09
13.11.2023 06:31:52.027 GMT-0800,145.804,145.726,0.12,0.09
13.11.2023 06:31:52.078 GMT-0800,145.804,145.716,0.12,0.12
13.11.2023 06:31:52.257 GMT-0800,145.804,145.726,0.12,0.0009
13.11.2023 06:31:52.818 GMT-0800,145.813,145.727,0.12,0.12
13.11.2023 06:31:53.805 GMT-0800,145.814,145.756,0.12,0.0009
13.11.2023 06:31:53.957 GMT-0800,145.824,145.756,0.12,0.12
13.11.2023 06:31:54.012 GMT-0800,145.813,145.757,0.0009,0.12
13.11.2023 06:31:54.530 GMT-0800,145.813,145.747,0.12,0.12
13.11.2023 06:31:54.583 GMT-0800,145.813,145.757,0.12,0.0009
13.11.2023 06:31:55.578 GMT-0800,145.824,145.756,0.12,0.12
13.11.2023 06:31:55.656 GMT-0800,145.813,145.757,0.0009,0.12
13.11.2023 06:31:56.318 GMT-0800,145.824,145.776,0.12,0.09
13.11.2023 06:31:56.369 GMT-0800,145.823,145.76700000000002,0.12,0.12
13.11.2023 06:31:56.457 GMT-0800,145.824,145.776,0.12,0.0009
13.11.2023 06:31:56.767 GMT-0800,145.823,145.76700000000002,0.12,0.12
13.11.2023 06:31:56.834 GMT-0800,145.823,145.77700000000002,0.12,0.0009
13.11.2023 06:31:57.160 GMT-0800,145.833,145.77700000000002,0.12,0.12
13.11.2023 06:31:57.261 GMT-0800,145.833,145.787,0.12,0.12
13.11.2023 06:31:57.454 GMT-0800,145.833,145.76700000000002,0.12,0.12
13.11.2023 06:31:57.568 GMT-0800,145.914,145.776,0.0009,0.12
13.11.2023 06:31:57.626 GMT-0800,145.91299999999998,145.797,0.12,0.12
13.11.2023 06:31:58.307 GMT-0800,145.91299999999998,145.787,0.12,0.12
13.11.2023 06:31:59.241 GMT-0800,145.873,145.787,0.0009,0.12
13.11.2023 06:32:00.559 GMT-0800,145.873,145.747,0.12,0.12
13.11.2023 06:32:00.619 GMT-0800,145.874,145.756,0.12,0.0009
13.11.2023 06:32:02.272 GMT-0800,145.844,145.756,0.0009,0.09
13.11.2023 06:32:04.468 GMT-0800,145.824,145.756,0.12,0.09
13.11.2023 06:32:04.592 GMT-0800,145.824,145.746,0.12,0.12
13.11.2023 06:32:05.483 GMT-0800,145.863,145.747,0.12,0.12
13.11.2023 06:32:06.506 GMT-0800,145.803,145.747,0.0009,0.09
13.11.2023 06:32:06.557 GMT-0800,145.823,145.697,0.12,0.12
13.11.2023 06:32:07.477 GMT-0800,145.823,145.697,0.12,0.09
13.11.2023 06:32:07.528 GMT-0800,145.774,145.696,0.0009,0.09
13.11.2023 06:32:07.591 GMT-0800,145.774,145.67600000000002,0.12,0.12
13.11.2023 06:32:07.641 GMT-0800,145.774,145.696,0.12,0.12
13.11.2023 06:32:07.757 GMT-0800,145.823,145.697,0.12,0.12
13.11.2023 06:32:08.187 GMT-0800,145.824,145.686,0.12,0.12
13.11.2023 06:32:08.325 GMT-0800,145.814,145.686,0.0009,0.12
13.11.2023 06:32:08.464 GMT-0800,145.813,145.697,0.12,0.0009
13.11.2023 06:32:08.789 GMT-0800,145.814,145.686,0.12,0.12
13.11.2023 06:32:08.839 GMT-0800,145.814,145.696,0.12,0.0009
13.11.2023 06:32:08.948 GMT-0800,145.793,145.697,0.0009,0.12
13.11.2023 06:32:09.049 GMT-0800,145.793,145.687,0.12,0.12
13.11.2023 06:32:09.179 GMT-0800,145.794,145.67600000000002,0.12,0.12
13.11.2023 06:32:09.240 GMT-0800,145.794,145.686,0.12,0.0009
13.11.2023 06:32:09.537 GMT-0800,145.794,145.67600000000002,0.12,0.12
13.11.2023 06:32:09.592 GMT-0800,145.794,145.686,0.12,0.0009
13.11.2023 06:32:09.694 GMT-0800,145.794,145.67600000000002,0.12,0.12
13.11.2023 06:32:09.744 GMT-0800,145.793,145.687,0.12,0.12
13.11.2023 06:32:11.215 GMT-0800,145.794,145.67600000000002,0.12,0.12
13.11.2023 06:32:11.266 GMT-0800,145.793,145.687,0.12,0.12
13.11.2023 06:32:12.239 GMT-0800,145.794,145.666,0.12,0.12
13.11.2023 06:32:12.419 GMT-0800,145.773,145.697,0.0009,0.0009
13.11.2023 06:32:12.593 GMT-0800,145.803,145.717,0.12,0.0009
13.11.2023 06:32:12.644 GMT-0800,145.793,145.697,0.12,0.12
13.11.2023 06:32:13.634 GMT-0800,145.793,145.667,0.12,0.12
13.11.2023 06:32:17.431 GMT-0800,145.774,145.686,0.12,0.12
13.11.2023 06:32:17.544 GMT-0800,145.773,145.697,0.12,0.09
13.11.2023 06:32:17.595 GMT-0800,145.773,145.687,0.12,0.12
13.11.2023 06:32:17.646 GMT-0800,145.754,145.686,0.0009,0.12
13.11.2023 06:32:17.747 GMT-0800,145.754,145.666,0.12,0.12
13.11.2023 06:32:17.804 GMT-0800,145.72299999999998,145.667,0.0009,0.12
13.11.2023 06:32:17.956 GMT-0800,145.72299999999998,145.657,0.12,0.12
13.11.2023 06:32:18.070 GMT-0800,145.753,145.657,0.12,0.12
13.11.2023 06:32:18.121 GMT-0800,145.753,145.64700000000002,0.12,0.12
13.11.2023 06:32:18.171 GMT-0800,145.724,145.64600000000002,0.12,0.12
13.11.2023 06:32:18.222 GMT-0800,145.774,145.686,0.12,0.12
13.11.2023 06:32:18.472 GMT-0800,145.774,145.666,0.12,0.12
13.11.2023 06:32:18.573 GMT-0800,145.774,145.64600000000002,0.12,0.12
13.11.2023 06:32:20.761 GMT-0800,145.784,145.64600000000002,0.12,0.12
13.11.2023 06:32:20.812 GMT-0800,145.773,145.64700000000002,0.0009,0.12
13.11.2023 06:32:20.863 GMT-0800,145.784,145.64600000000002,0.12,0.12
13.11.2023 06:32:21.381 GMT-0800,145.773,145.64700000000002,0.0009,0.12
13.11.2023 06:32:21.431 GMT-0800,145.783,145.64700000000002,0.12,0.12
13.11.2023 06:32:21.660 GMT-0800,145.773,145.64700000000002,0.0009,0.12
13.11.2023 06:32:21.711 GMT-0800,145.784,145.64600000000002,0.12,0.12
13.11.2023 06:32:21.762 GMT-0800,145.774,145.64600000000002,0.12,0.12
13.11.2023 06:32:21.867 GMT-0800,145.764,145.64600000000002,0.0009,0.12
13.11.2023 06:32:22.058 GMT-0800,145.773,145.64700000000002,0.12,0.12
13.11.2023 06:32:22.314 GMT-0800,145.753,145.64700000000002,0.0009,0.12
13.11.2023 06:32:22.364 GMT-0800,145.764,145.64600000000002,0.0009,0.12
13.11.2023 06:32:22.516 GMT-0800,145.774,145.64600000000002,0.12,0.12
13.11.2023 06:32:22.617 GMT-0800,145.763,145.64700000000002,0.0009,0.12
13.11.2023 06:32:22.719 GMT-0800,145.774,145.64600000000002,0.12,0.12
13.11.2023 06:32:22.820 GMT-0800,145.773,145.64700000000002,0.12,0.12
13.11.2023 06:32:22.921 GMT-0800,145.773,145.64700000000002,0.12,0.12
13.11.2023 06:32:24.014 GMT-0800,145.764,145.64600000000002,0.0009,0.12
13.11.2023 06:32:24.115 GMT-0800,145.773,145.64700000000002,0.12,0.12
13.11.2023 06:32:26.309 GMT-0800,145.774,145.666,0.12,0.0009
13.11.2023 06:32:26.360 GMT-0800,145.774,145.64600000000002,0.12,0.12
13.11.2023 06:32:26.411 GMT-0800,145.734,145.64600000000002,0.12,0.12
13.11.2023 06:32:26.692 GMT-0800,145.774,145.64600000000002,0.12,0.12
13.11.2023 06:32:29.468 GMT-0800,145.773,145.657,0.12,0.09
13.11.2023 06:32:29.619 GMT-0800,145.773,145.64700000000002,0.12,0.12
13.11.2023 06:32:29.670 GMT-0800,145.703,145.607,0.12,0.12
13.11.2023 06:32:29.771 GMT-0800,145.673,145.607,0.12,0.12
13.11.2023 06:32:30.090 GMT-0800,145.673,145.597,0.12,0.12
13.11.2023 06:32:30.342 GMT-0800,145.684,145.636,0.12,0.0009
13.11.2023 06:32:30.392 GMT-0800,145.684,145.596,0.12,0.12
13.11.2023 06:32:30.820 GMT-0800,145.674,145.626,0.0009,0.0009
13.11.2023 06:32:30.871 GMT-0800,145.673,145.597,0.12,0.12
13.11.2023 06:32:32.806 GMT-0800,145.704,145.596,0.12,0.12
13.11.2023 06:32:32.857 GMT-0800,145.684,145.596,0.12,0.12
13.11.2023 06:32:33.111 GMT-0800,145.654,145.596,0.0009,0.12
13.11.2023 06:32:33.669 GMT-0800,145.664,145.596,0.12,0.12
13.11.2023 06:32:33.963 GMT-0800,145.653,145.597,0.0009,0.12
13.11.2023 06:32:34.064 GMT-0800,145.664,145.596,0.12,0.12
13.11.2023 06:32:34.140 GMT-0800,145.654,145.596,0.0009,0.12
13.11.2023 06:32:34.471 GMT-0800,145.644,145.596,0.0009,0.09
13.11.2023 06:32:34.522 GMT-0800,145.643,145.567,0.12,0.12
13.11.2023 06:32:34.573 GMT-0800,145.634,145.566,0.0009,0.12
13.11.2023 06:32:34.891 GMT-0800,145.623,145.567,0.0009,0.12
13.11.2023 06:32:35.126 GMT-0800,145.644,145.566,0.12,0.12
13.11.2023 06:32:35.176 GMT-0800,145.623,145.567,0.0009,0.12
13.11.2023 06:32:35.342 GMT-0800,145.644,145.566,0.12,0.12
13.11.2023 06:32:35.393 GMT-0800,145.643,145.567,0.12,0.12
13.11.2023 06:32:36.127 GMT-0800,145.614,145.566,0.0009,0.12
13.11.2023 06:32:36.178 GMT-0800,145.644,145.566,0.12,0.12
13.11.2023 06:32:36.694 GMT-0800,145.624,145.566,0.0009,0.12
13.11.2023 06:32:36.745 GMT-0800,145.643,145.567,0.12,0.12
13.11.2023 06:32:36.795 GMT-0800,145.613,145.567,0.0009,0.12
13.11.2023 06:32:36.846 GMT-0800,145.603,145.52700000000002,0.12,0.12
13.11.2023 06:32:37.214 GMT-0800,145.583,145.52700000000002,0.12,0.12
13.11.2023 06:32:37.265 GMT-0800,145.604,145.526,0.12,0.12
13.11.2023 06:32:37.379 GMT-0800,145.594,145.526,0.0009,0.12
13.11.2023 06:32:37.429 GMT-0800,145.603,145.52700000000002,0.12,0.12
13.11.2023 06:32:37.539 GMT-0800,145.584,145.526,0.0009,0.12
13.11.2023 06:32:38.351 GMT-0800,145.584,145.51600000000002,0.12,0.12
13.11.2023 06:32:38.516 GMT-0800,145.583,145.52700000000002,0.12,0.0009
13.11.2023 06:32:39.217 GMT-0800,145.583,145.51700000000002,0.12,0.12
13.11.2023 06:32:39.268 GMT-0800,145.573,145.51700000000002,0.12,0.12
13.11.2023 06:32:39.379 GMT-0800,145.563,145.51700000000002,0.12,0.12
13.11.2023 06:32:39.480 GMT-0800,145.573,145.51700000000002,0.12,0.12
13.11.2023 06:32:39.762 GMT-0800,145.574,145.526,0.12,0.0009
13.11.2023 06:32:39.813 GMT-0800,145.573,145.51700000000002,0.12,0.12
13.11.2023 06:32:39.864 GMT-0800,145.563,145.51700000000002,0.12,0.12
13.11.2023 06:32:40.003 GMT-0800,145.584,145.51600000000002,0.12,0.12
13.11.2023 06:32:40.054 GMT-0800,145.554,145.51600000000002,0.12,0.12
13.11.2023 06:32:40.424 GMT-0800,145.554,145.526,0.12,0.0009
13.11.2023 06:32:40.525 GMT-0800,145.553,145.51700000000002,0.12,0.12
13.11.2023 06:32:41.437 GMT-0800,145.584,145.54600000000002,0.12,0.0009
13.11.2023 06:32:41.488 GMT-0800,145.613,145.55700000000002,0.12,0.12
13.11.2023 06:32:41.539 GMT-0800,145.623,145.567,0.12,0.0009
13.11.2023 06:32:41.590 GMT-0800,145.643,145.567,0.12,0.12
13.11.2023 06:32:41.955 GMT-0800,145.644,145.556,0.12,0.12
13.11.2023 06:32:42.164 GMT-0800,145.644,145.566,0.12,0.0009
13.11.2023 06:32:42.510 GMT-0800,145.644,145.556,0.12,0.12
13.11.2023 06:32:42.622 GMT-0800,145.644,145.566,0.12,0.0009
13.11.2023 06:32:42.673 GMT-0800,145.643,145.55700000000002,0.12,0.12
13.11.2023 06:32:42.826 GMT-0800,145.644,145.526,0.12,0.12
13.11.2023 06:32:43.314 GMT-0800,145.614,145.526,0.0009,0.12
13.11.2023 06:32:46.937 GMT-0800,145.643,145.52700000000002,0.12,0.12
13.11.2023 06:32:48.143 GMT-0800,145.624,145.526,0.0009,0.12
13.11.2023 06:32:48.262 GMT-0800,145.624,145.51600000000002,0.12,0.12
13.11.2023 06:32:48.321 GMT-0800,145.623,145.52700000000002,0.12,0.0009
13.11.2023 06:32:52.268 GMT-0800,145.643,145.52700000000002,0.12,0.12
13.11.2023 06:32:52.863 GMT-0800,145.643,145.55700000000002,0.12,0.0009
13.11.2023 06:32:53.664 GMT-0800,145.644,145.566,0.12,0.0009
13.11.2023 06:32:53.715 GMT-0800,145.644,145.556,0.12,0.12
13.11.2023 06:32:54.004 GMT-0800,145.643,145.567,0.12,0.0009
13.11.2023 06:32:54.059 GMT-0800,145.644,145.556,0.12,0.12
13.11.2023 06:32:54.110 GMT-0800,145.644,145.566,0.12,0.0009
13.11.2023 06:32:54.353 GMT-0800,145.664,145.627,0.12,0.0009
13.11.2023 06:32:54.404 GMT-0800,145.703,145.657,0.12,0.12
13.11.2023 06:32:54.540 GMT-0800,145.724,145.656,0.12,0.12
13.11.2023 06:32:54.792 GMT-0800,145.744,145.656,0.12,0.12
13.11.2023 06:32:55.375 GMT-0800,145.703,145.67700000000002,0.0009,0.0009
13.11.2023 06:32:55.426 GMT-0800,145.724,145.656,0.12,0.12
13.11.2023 06:32:55.615 GMT-0800,145.72299999999998,145.61700000000002,0.12,0.12
13.11.2023 06:32:55.737 GMT-0800,145.72299999999998,145.58700000000002,0.12,0.12
13.11.2023 06:32:57.047 GMT-0800,145.684,145.586,0.0009,0.12
13.11.2023 06:32:57.098 GMT-0800,145.724,145.586,0.12,0.12
13.11.2023 06:32:57.368 GMT-0800,145.72299999999998,145.58700000000002,0.12,0.12
13.11.2023 06:32:57.419 GMT-0800,145.72299999999998,145.58700000000002,0.12,0.12
13.11.2023 06:32:59.402 GMT-0800,145.684,145.586,0.0009,0.12
13.11.2023 06:32:59.453 GMT-0800,145.724,145.586,0.12,0.12
13.11.2023 06:33:00.843 GMT-0800,145.694,145.586,0.0009,0.12
13.11.2023 06:33:00.893 GMT-0800,145.724,145.586,0.12,0.12
13.11.2023 06:33:01.008 GMT-0800,145.673,145.58700000000002,0.0009,0.12
13.11.2023 06:33:01.059 GMT-0800,145.72299999999998,145.58700000000002,0.12,0.12
13.11.2023 06:33:01.166 GMT-0800,145.69299999999998,145.58700000000002,0.0009,0.12
13.11.2023 06:33:01.217 GMT-0800,145.724,145.586,0.12,0.12
13.11.2023 06:33:01.590 GMT-0800,145.654,145.586,0.0009,0.12
13.11.2023 06:33:01.641 GMT-0800,145.724,145.586,0.12,0.12
13.11.2023 06:33:02.401 GMT-0800,145.674,145.586,0.0009,0.12
13.11.2023 06:33:02.451 GMT-0800,145.724,145.586,0.12,0.12
13.11.2023 06:33:02.543 GMT-0800,145.674,145.586,0.0009,0.12
13.11.2023 06:33:02.598 GMT-0800,145.72299999999998,145.58700000000002,0.12,0.09
13.11.2023 06:33:02.741 GMT-0800,145.724,145.566,0.12,0.12
13.11.2023 06:33:02.791 GMT-0800,145.633,145.567,0.0009,0.12
13.11.2023 06:33:02.842 GMT-0800,145.724,145.566,0.12,0.12
13.11.2023 06:33:03.210 GMT-0800,145.724,145.556,0.12,0.12
13.11.2023 06:33:03.918 GMT-0800,145.724,145.526,0.12,0.12
13.11.2023 06:33:04.179 GMT-0800,145.724,145.54600000000002,0.12,0.0009
13.11.2023 06:33:04.382 GMT-0800,145.605,145.547,0.0009,0.12
13.11.2023 06:33:04.432 GMT-0800,145.724,145.54600000000002,0.12,0.12
13.11.2023 06:33:04.533 GMT-0800,145.614,145.54600000000002,0.0009,0.12
13.11.2023 06:33:04.957 GMT-0800,145.633,145.52700000000002,0.12,0.12
13.11.2023 06:33:05.008 GMT-0800,145.574,145.526,0.0009,0.09
13.11.2023 06:33:05.059 GMT-0800,145.574,145.476,0.12,0.12
13.11.2023 06:33:05.109 GMT-0800,145.554,145.48600000000002,0.0009,0.0009
13.11.2023 06:33:05.746 GMT-0800,145.573,145.48700000000002,0.12,0.12
13.11.2023 06:33:06.172 GMT-0800,145.553,145.48700000000002,0.12,0.12
13.11.2023 06:33:08.071 GMT-0800,145.553,145.447,0.12,0.12
13.11.2023 06:33:08.123 GMT-0800,145.514,145.446,0.0009,0.12
13.11.2023 06:33:08.174 GMT-0800,145.554,145.45600000000002,0.12,0.12
13.11.2023 06:33:08.297 GMT-0800,145.554,145.466,0.12,0.12
13.11.2023 06:33:08.414 GMT-0800,145.553,145.447,0.12,0.12
13.11.2023 06:33:08.631 GMT-0800,145.533,145.447,0.0009,0.12
13.11.2023 06:33:08.782 GMT-0800,145.533,145.447,0.12,0.12
13.11.2023 06:33:08.834 GMT-0800,145.533,145.447,0.12,0.12
13.11.2023 06:33:08.884 GMT-0800,145.524,145.446,0.12,0.12
13.11.2023 06:33:08.935 GMT-0800,145.534,145.446,0.12,0.12
13.11.2023 06:33:08.989 GMT-0800,145.523,145.447,0.0009,0.12
13.11.2023 06:33:09.040 GMT-0800,145.534,145.446,0.12,0.12
13.11.2023 06:33:09.141 GMT-0800,145.534,145.42600000000002,0.12,0.12
13.11.2023 06:33:09.295 GMT-0800,145.504,145.42600000000002,0.0009,0.12
13.11.2023 06:33:09.346 GMT-0800,145.533,145.42700000000002,0.12,0.12
13.11.2023 06:33:09.396 GMT-0800,145.524,145.42600000000002,0.0009,0.12
13.11.2023 06:33:09.498 GMT-0800,145.534,145.42600000000002,0.12,0.12
13.11.2023 06:33:09.719 GMT-0800,145.513,145.42700000000002,0.0009,0.12
13.11.2023 06:33:09.771 GMT-0800,145.533,145.42700000000002,0.12,0.12
13.11.2023 06:33:09.822 GMT-0800,145.534,145.42600000000002,0.12,0.12
13.11.2023 06:33:09.872 GMT-0800,145.534,145.42600000000002,0.12,0.12
13.11.2023 06:33:09.923 GMT-0800,145.523,145.42700000000002,0.12,0.12
13.11.2023 06:33:09.977 GMT-0800,145.534,145.42600000000002,0.12,0.12
13.11.2023 06:33:10.128 GMT-0800,145.523,145.42700000000002,0.0009,0.12
13.11.2023 06:33:10.179 GMT-0800,145.534,145.42600000000002,0.12,0.12
13.11.2023 06:33:10.822 GMT-0800,145.494,145.416,0.0009,0.12
13.11.2023 06:33:11.150 GMT-0800,145.514,145.416,0.12,0.12
13.11.2023 06:33:11.251 GMT-0800,145.503,145.417,0.0009,0.12
13.11.2023 06:33:11.404 GMT-0800,145.514,145.416,0.12,0.12
13.11.2023 06:33:11.660 GMT-0800,145.513,145.417,0.12,0.12
13.11.2023 06:33:11.773 GMT-0800,145.533,145.417,0.12,0.12
13.11.2023 06:33:11.861 GMT-0800,145.503,145.417,0.0009,0.12
13.11.2023 06:33:12.119 GMT-0800,145.534,145.416,0.12,0.12
13.11.2023 06:33:12.170 GMT-0800,145.503,145.417,0.12,0.12
13.11.2023 06:33:12.221 GMT-0800,145.534,145.416,0.12,0.12
13.11.2023 06:33:12.272 GMT-0800,145.533,145.417,0.12,0.12
13.11.2023 06:33:12.323 GMT-0800,145.534,145.416,0.12,0.12
13.11.2023 06:33:12.374 GMT-0800,145.494,145.416,0.0009,0.12
13.11.2023 06:33:12.425 GMT-0800,145.533,145.417,0.12,0.12
13.11.2023 06:33:12.476 GMT-0800,145.504,145.416,0.12,0.12
13.11.2023 06:33:12.646 GMT-0800,145.534,145.416,0.12,0.12
13.11.2023 06:33:12.696 GMT-0800,145.534,145.416,0.12,0.12
13.11.2023 06:33:12.747 GMT-0800,145.534,145.416,0.12,0.12
13.11.2023 06:33:12.797 GMT-0800,145.504,145.416,0.0009,0.12
13.11.2023 06:33:12.848 GMT-0800,145.533,145.417,0.12,0.12
13.11.2023 06:33:12.950 GMT-0800,145.533,145.447,0.12,0.0009
13.11.2023 06:33:13.000 GMT-0800,145.534,145.416,0.12,0.12
13.11.2023 06:33:13.176 GMT-0800,145.484,145.416,0.0009,0.12
13.11.2023 06:33:13.277 GMT-0800,145.503,145.417,0.12,0.12
13.11.2023 06:33:13.665 GMT-0800,145.474,145.416,0.0009,0.09
13.11.2023 06:33:13.716 GMT-0800,145.47299999999998,145.407,0.12,0.12
13.11.2023 06:33:13.767 GMT-0800,145.503,145.407,0.12,0.12
13.11.2023 06:33:13.826 GMT-0800,145.453,145.407,0.0009,0.12
13.11.2023 06:33:13.877 GMT-0800,145.453,145.36700000000002,0.12,0.12
13.11.2023 06:33:14.043 GMT-0800,145.423,145.36700000000002,0.12,0.12
13.11.2023 06:33:14.187 GMT-0800,145.454,145.366,0.12,0.12
13.11.2023 06:33:14.288 GMT-0800,145.404,145.326,0.0009,0.12
13.11.2023 06:33:14.871 GMT-0800,145.453,145.377,0.12,0.12
13.11.2023 06:33:14.921 GMT-0800,145.463,145.377,0.12,0.12
13.11.2023 06:33:14.998 GMT-0800,145.454,145.376,0.0009,0.12
13.11.2023 06:33:15.148 GMT-0800,145.454,145.406,0.12,0.0009
13.11.2023 06:33:15.199 GMT-0800,145.474,145.406,0.12,0.12
13.11.2023 06:33:16.378 GMT-0800,145.47299999999998,145.417,0.12,0.0009
13.11.2023 06:33:16.530 GMT-0800,145.47299999999998,145.407,0.12,0.12
13.11.2023 06:33:16.580 GMT-0800,145.47299999999998,145.417,0.12,0.0009
13.11.2023 06:33:16.728 GMT-0800,145.47299999999998,145.407,0.12,0.12
13.11.2023 06:33:16.785 GMT-0800,145.474,145.416,0.12,0.0009
13.11.2023 06:33:16.987 GMT-0800,145.47299999999998,145.407,0.12,0.12
13.11.2023 06:33:17.060 GMT-0800,145.474,145.416,0.12,0.0009
13.11.2023 06:33:18.161 GMT-0800,145.484,145.416,0.12,0.12
13.11.2023 06:33:19.375 GMT-0800,145.484,145.406,0.12,0.12
13.11.2023 06:33:19.436 GMT-0800,145.484,145.416,0.12,0.0009
13.11.2023 06:33:20.137 GMT-0800,145.484,145.406,0.12,0.12
13.11.2023 06:33:20.523 GMT-0800,145.504,145.406,0.12,0.09
13.11.2023 06:33:21.149 GMT-0800,145.503,145.39700000000002,0.12,0.09
13.11.2023 06:33:21.259 GMT-0800,145.433,145.39700000000002,0.0009,0.09
13.11.2023 06:33:21.360 GMT-0800,145.41299999999998,145.33700000000002,0.12,0.12
13.11.2023 06:33:21.461 GMT-0800,145.41299999999998,145.30700000000002,0.12,0.12
13.11.2023 06:33:21.873 GMT-0800,145.41299999999998,145.317,0.12,0.0009
13.11.2023 06:33:22.530 GMT-0800,145.414,145.306,0.12,0.12
13.11.2023 06:33:23.241 GMT-0800,145.433,145.30700000000002,0.12,0.12
13.11.2023 06:33:23.292 GMT-0800,145.433,145.327,0.12,0.0009
13.11.2023 06:33:23.512 GMT-0800,145.434,145.336,0.12,0.0009
13.11.2023 06:33:23.563 GMT-0800,145.434,145.326,0.12,0.12
13.11.2023 06:33:23.989 GMT-0800,145.434,145.336,0.12,0.12
13.11.2023 06:33:24.040 GMT-0800,145.433,145.327,0.12,0.12
13.11.2023 06:33:24.196 GMT-0800,145.433,145.33700000000002,0.12,0.0009
13.11.2023 06:33:24.297 GMT-0800,145.434,145.326,0.12,0.12
13.11.2023 06:33:24.393 GMT-0800,145.433,145.33700000000002,0.12,0.0009
13.11.2023 06:33:24.544 GMT-0800,145.434,145.326,0.12,0.12
13.11.2023 06:33:24.674 GMT-0800,145.434,145.336,0.12,0.0009
13.11.2023 06:33:24.725 GMT-0800,145.434,145.326,0.12,0.12
13.11.2023 06:33:24.776 GMT-0800,145.434,145.336,0.12,0.0009
13.11.2023 06:33:24.877 GMT-0800,145.433,145.327,0.12,0.12
13.11.2023 06:33:24.928 GMT-0800,145.434,145.346,0.12,0.12
13.11.2023 06:33:25.649 GMT-0800,145.434,145.336,0.12,0.12
13.11.2023 06:33:25.799 GMT-0800,145.393,145.33700000000002,0.0009,0.12
13.11.2023 06:33:25.900 GMT-0800,145.393,145.347,0.12,0.0009
13.11.2023 06:33:27.114 GMT-0800,145.424,145.376,0.12,0.0009
13.11.2023 06:33:27.165 GMT-0800,145.414,145.346,0.12,0.09
13.11.2023 06:33:27.317 GMT-0800,145.41299999999998,145.33700000000002,0.12,0.12
13.11.2023 06:33:27.368 GMT-0800,145.414,145.346,0.12,0.12
13.11.2023 06:33:27.469 GMT-0800,145.414,145.336,0.12,0.12
13.11.2023 06:33:27.630 GMT-0800,145.41299999999998,145.347,0.12,0.0009
13.11.2023 06:33:27.681 GMT-0800,145.41299999999998,145.33700000000002,0.12,0.12
13.11.2023 06:33:27.731 GMT-0800,145.41299999999998,145.347,0.12,0.12
13.11.2023 06:33:27.782 GMT-0800,145.41299999999998,145.33700000000002,0.12,0.12
13.11.2023 06:33:27.833 GMT-0800,145.41299999999998,145.347,0.12,0.0009
13.11.2023 06:33:28.446 GMT-0800,145.41299999999998,145.33700000000002,0.12,0.12
13.11.2023 06:33:28.957 GMT-0800,145.41299999999998,145.347,0.12,0.0009
13.11.2023 06:33:29.530 GMT-0800,145.41299999999998,145.33700000000002,0.12,0.12
13.11.2023 06:33:29.580 GMT-0800,145.393,145.33700000000002,0.12,0.12
13.11.2023 06:33:30.276 GMT-0800,145.393,145.30700000000002,0.12,0.12
13.11.2023 06:33:30.789 GMT-0800,145.393,145.257,0.12,0.12
13.11.2023 06:33:31.200 GMT-0800,145.393,145.26700000000002,0.12,0.12
13.11.2023 06:33:31.346 GMT-0800,145.323,145.26700000000002,0.0009,0.12
13.11.2023 06:33:31.397 GMT-0800,145.324,145.256,0.12,0.0009
13.11.2023 06:33:31.591 GMT-0800,145.344,145.256,0.12,0.12
13.11.2023 06:33:32.397 GMT-0800,145.344,145.246,0.12,0.12
13.11.2023 06:33:32.453 GMT-0800,145.343,145.257,0.12,0.0009
13.11.2023 06:33:33.062 GMT-0800,145.324,145.256,0.0009,0.12
13.11.2023 06:33:33.113 GMT-0800,145.323,145.247,0.12,0.12
13.11.2023 06:33:33.355 GMT-0800,145.293,145.247,0.0009,0.12
13.11.2023 06:33:33.406 GMT-0800,145.303,145.247,0.12,0.12
13.11.2023 06:33:33.511 GMT-0800,145.323,145.247,0.12,0.12
13.11.2023 06:33:33.947 GMT-0800,145.324,145.256,0.12,0.0009
13.11.2023 06:33:33.998 GMT-0800,145.323,145.247,0.12,0.12
13.11.2023 06:33:34.049 GMT-0800,145.324,145.256,0.12,0.09
13.11.2023 06:33:34.100 GMT-0800,145.324,145.246,0.12,0.12
13.11.2023 06:33:34.485 GMT-0800,145.324,145.256,0.12,0.0009
13.11.2023 06:33:34.536 GMT-0800,145.324,145.246,0.12,0.12
13.11.2023 06:33:40.736 GMT-0800,145.284,145.246,0.0009,0.09
13.11.2023 06:33:40.787 GMT-0800,145.284,145.216,0.12,0.12
13.11.2023 06:33:40.889 GMT-0800,145.264,145.216,0.0009,0.09
13.11.2023 06:33:41.170 GMT-0800,145.234,145.20600000000002,0.0009,0.12
13.11.2023 06:33:41.937 GMT-0800,145.253,145.197,0.12,0.12
13.11.2023 06:33:42.054 GMT-0800,145.254,145.196,0.12,0.12
13.11.2023 06:33:42.106 GMT-0800,145.253,145.167,0.12,0.12
13.11.2023 06:33:42.635 GMT-0800,145.244,145.166,0.0009,0.12
13.11.2023 06:33:42.686 GMT-0800,145.253,145.167,0.12,0.12
13.11.2023 06:33:44.296 GMT-0800,145.244,145.166,0.0009,0.12
13.11.2023 06:33:44.347 GMT-0800,145.254,145.166,0.12,0.12
13.11.2023 06:33:45.367 GMT-0800,145.274,145.226,0.12,0.0009
13.11.2023 06:33:45.418 GMT-0800,145.323,145.247,0.12,0.12
13.11.2023 06:33:45.936 GMT-0800,145.333,145.257,0.12,0.0009
13.11.2023 06:33:45.986 GMT-0800,145.334,145.256,0.12,0.12
13.11.2023 06:33:46.037 GMT-0800,145.324,145.23600000000002,0.12,0.12
13.11.2023 06:33:46.163 GMT-0800,145.323,145.257,0.12,0.0009
13.11.2023 06:33:46.214 GMT-0800,145.334,145.23600000000002,0.12,0.12
13.11.2023 06:33:46.574 GMT-0800,145.323,145.23700000000002,0.0009,0.12
13.11.2023 06:33:46.675 GMT-0800,145.334,145.23600000000002,0.12,0.12
13.11.2023 06:33:46.732 GMT-0800,145.323,145.23700000000002,0.0009,0.12
13.11.2023 06:33:46.949 GMT-0800,145.334,145.23600000000002,0.12,0.12
13.11.2023 06:33:47.423 GMT-0800,145.324,145.23600000000002,0.0009,0.12
13.11.2023 06:33:47.524 GMT-0800,145.333,145.23700000000002,0.12,0.12
13.11.2023 06:33:47.712 GMT-0800,145.323,145.23700000000002,0.0009,0.12
13.11.2023 06:33:47.970 GMT-0800,145.364,145.23600000000002,0.12,0.12
13.11.2023 06:33:48.474 GMT-0800,145.374,145.23600000000002,0.12,0.12
13.11.2023 06:33:54.759 GMT-0800,145.373,145.247,0.12,0.0009
13.11.2023 06:33:54.860 GMT-0800,145.374,145.23600000000002,0.12,0.12
13.11.2023 06:33:56.078 GMT-0800,145.303,145.23700000000002,0.0009,0.09
13.11.2023 06:33:56.129 GMT-0800,145.293,145.217,0.0009,0.12
13.11.2023 06:33:56.180 GMT-0800,145.314,145.216,0.12,0.12
13.11.2023 06:33:56.777 GMT-0800,145.333,145.217,0.12,0.12
13.11.2023 06:33:56.828 GMT-0800,145.293,145.217,0.12,0.12
13.11.2023 06:34:00.666 GMT-0800,145.353,145.247,0.12,0.0009
13.11.2023 06:34:00.717 GMT-0800,145.354,145.216,0.12,0.12
13.11.2023 06:34:01.002 GMT-0800,145.314,145.216,0.0009,0.12
13.11.2023 06:34:01.311 GMT-0800,145.304,145.216,0.0009,0.12
13.11.2023 06:34:02.826 GMT-0800,145.304,145.226,0.12,0.0009
13.11.2023 06:34:02.927 GMT-0800,145.283,145.23700000000002,0.0009,0.0009
13.11.2023 06:34:04.309 GMT-0800,145.284,145.226,0.12,0.12
13.11.2023 06:34:04.469 GMT-0800,145.273,145.227,0.0009,0.12
13.11.2023 06:34:04.571 GMT-0800,145.274,145.23600000000002,0.12,0.12
13.11.2023 06:34:05.267 GMT-0800,145.273,145.227,0.12,0.12
13.11.2023 06:34:05.535 GMT-0800,145.274,145.246,0.12,0.0009
13.11.2023 06:34:05.637 GMT-0800,145.294,145.226,0.12,0.09
13.11.2023 06:34:05.763 GMT-0800,145.293,145.197,0.12,0.12
13.11.2023 06:34:05.864 GMT-0800,145.233,145.197,0.0009,0.12
13.11.2023 06:34:05.974 GMT-0800,145.293,145.217,0.12,0.0009
13.11.2023 06:34:06.025 GMT-0800,145.294,145.20600000000002,0.12,0.12
13.11.2023 06:34:06.137 GMT-0800,145.294,145.196,0.12,0.12
13.11.2023 06:34:06.305 GMT-0800,145.243,145.197,0.0009,0.12
13.11.2023 06:34:06.406 GMT-0800,145.244,145.186,0.12,0.12
13.11.2023 06:34:06.616 GMT-0800,145.233,145.187,0.0009,0.12
13.11.2023 06:34:06.841 GMT-0800,145.204,145.186,0.0009,0.09
13.11.2023 06:34:06.942 GMT-0800,145.203,145.14700000000002,0.12,0.12
13.11.2023 06:34:08.917 GMT-0800,145.253,145.17700000000002,0.12,0.0009
13.11.2023 06:34:08.968 GMT-0800,145.254,145.196,0.12,0.0009
13.11.2023 06:34:09.908 GMT-0800,145.294,145.216,0.12,0.12
13.11.2023 06:34:10.486 GMT-0800,145.293,145.20700000000002,0.12,0.12
13.11.2023 06:34:10.649 GMT-0800,145.294,145.196,0.12,0.12
13.11.2023 06:34:13.541 GMT-0800,145.294,145.20600000000002,0.12,0.0009
13.11.2023 06:34:13.591 GMT-0800,145.293,145.197,0.12,0.12
13.11.2023 06:34:13.899 GMT-0800,145.294,145.20600000000002,0.12,0.0009
13.11.2023 06:34:13.950 GMT-0800,145.294,145.196,0.12,0.12
13.11.2023 06:34:14.407 GMT-0800,145.253,145.197,0.0009,0.12
13.11.2023 06:34:14.458 GMT-0800,145.294,145.196,0.12,0.12
13.11.2023 06:34:14.611 GMT-0800,145.253,145.197,0.12,0.12
13.11.2023 06:34:14.661 GMT-0800,145.293,145.20700000000002,0.12,0.12
13.11.2023 06:34:14.712 GMT-0800,145.244,145.20600000000002,0.12,0.12
13.11.2023 06:34:14.813 GMT-0800,145.234,145.20600000000002,0.12,0.12
13.11.2023 06:34:14.914 GMT-0800,145.273,145.20700000000002,0.12,0.12
13.11.2023 06:34:14.965 GMT-0800,145.234,145.20600000000002,0.0009,0.12
13.11.2023 06:34:16.086 GMT-0800,145.274,145.216,0.12,0.12
13.11.2023 06:34:16.137 GMT-0800,145.254,145.216,0.0009,0.12
13.11.2023 06:34:16.331 GMT-0800,145.244,145.226,0.12,0.0009
13.11.2023 06:34:17.323 GMT-0800,145.293,145.23700000000002,0.12,0.0009
13.11.2023 06:34:17.374 GMT-0800,145.303,145.23700000000002,0.12,0.12
13.11.2023 06:34:17.476 GMT-0800,145.323,145.227,0.12,0.12
13.11.2023 06:34:17.577 GMT-0800,145.333,145.227,0.12,0.12
13.11.2023 06:34:18.487 GMT-0800,145.294,145.226,0.0009,0.12
13.11.2023 06:34:18.588 GMT-0800,145.314,145.226,0.12,0.12
13.11.2023 06:34:20.047 GMT-0800,145.304,145.246,0.0009,0.0009
13.11.2023 06:34:20.160 GMT-0800,145.304,145.285,0.12,0.0009
13.11.2023 06:34:20.261 GMT-0800,145.324,145.29600000000002,0.12,0.09
13.11.2023 06:34:21.016 GMT-0800,145.363,145.317,0.12,0.0009
13.11.2023 06:34:21.067 GMT-0800,145.373,145.287,0.12,0.12
13.11.2023 06:34:21.142 GMT-0800,145.373,145.30700000000002,0.12,0.0009
13.11.2023 06:34:21.193 GMT-0800,145.373,145.297,0.12,0.12
13.11.2023 06:34:21.295 GMT-0800,145.374,145.286,0.12,0.12
13.11.2023 06:34:21.446 GMT-0800,145.373,145.297,0.12,0.0009
13.11.2023 06:34:21.497 GMT-0800,145.373,145.287,0.12,0.12
13.11.2023 06:34:21.760 GMT-0800,145.374,145.306,0.12,0.0009
13.11.2023 06:34:21.811 GMT-0800,145.373,145.297,0.12,0.12
13.11.2023 06:34:22.260 GMT-0800,145.364,145.29600000000002,0.0009,0.12
13.11.2023 06:34:22.311 GMT-0800,145.374,145.29600000000002,0.12,0.12
13.11.2023 06:34:22.464 GMT-0800,145.393,145.297,0.12,0.12
13.11.2023 06:34:23.555 GMT-0800,145.393,145.317,0.12,0.0009
13.11.2023 06:34:23.606 GMT-0800,145.394,145.29600000000002,0.12,0.12
13.11.2023 06:34:26.933 GMT-0800,145.394,145.326,0.12,0.0009
13.11.2023 06:34:27.034 GMT-0800,145.394,145.29600000000002,0.12,0.12
13.11.2023 06:34:27.085 GMT-0800,145.394,145.326,0.12,0.12
13.11.2023 06:34:27.136 GMT-0800,145.394,145.29600000000002,0.12,0.12
13.11.2023 06:34:29.939 GMT-0800,145.384,145.29600000000002,0.0009,0.12
13.11.2023 06:34:29.990 GMT-0800,145.393,145.297,0.12,0.12
13.11.2023 06:34:30.904 GMT-0800,145.393,145.327,0.12,0.0009
13.11.2023 06:34:31.366 GMT-0800,145.44299999999998,145.36700000000002,0.12,0.0009
13.11.2023 06:34:31.417 GMT-0800,145.434,145.366,0.12,0.12
13.11.2023 06:34:31.681 GMT-0800,145.434,145.356,0.12,0.12
13.11.2023 06:34:32.381 GMT-0800,145.434,145.366,0.12,0.0009
13.11.2023 06:34:32.611 GMT-0800,145.44299999999998,145.36700000000002,0.12,0.12
13.11.2023 06:34:32.662 GMT-0800,145.434,145.366,0.12,0.12
13.11.2023 06:34:33.914 GMT-0800,145.444,145.366,0.12,0.12
13.11.2023 06:34:33.969 GMT-0800,145.434,145.366,0.0009,0.12
13.11.2023 06:34:34.406 GMT-0800,145.444,145.366,0.12,0.12
13.11.2023 06:34:34.459 GMT-0800,145.434,145.366,0.0009,0.12
13.11.2023 06:34:34.813 GMT-0800,145.484,145.386,0.12,0.0009
13.11.2023 06:34:34.864 GMT-0800,145.484,145.386,0.12,0.12
13.11.2023 06:34:34.994 GMT-0800,145.484,145.406,0.12,0.0009
13.11.2023 06:34:35.095 GMT-0800,145.483,145.387,0.12,0.12
13.11.2023 06:34:35.301 GMT-0800,145.483,145.407,0.12,0.0009
13.11.2023 06:34:35.352 GMT-0800,145.483,145.387,0.12,0.12
13.11.2023 06:34:35.409 GMT-0800,145.483,145.407,0.12,0.0009
13.11.2023 06:34:35.510 GMT-0800,145.483,145.387,0.12,0.12
13.11.2023 06:34:37.972 GMT-0800,145.484,145.366,0.12,0.12
13.11.2023 06:34:38.512 GMT-0800,145.483,145.377,0.12,0.0009
13.11.2023 06:34:38.760 GMT-0800,145.463,145.387,0.0009,0.12
13.11.2023 06:34:39.429 GMT-0800,145.47299999999998,145.407,0.12,0.0009
13.11.2023 06:34:39.480 GMT-0800,145.47299999999998,145.407,0.12,0.12
13.11.2023 06:34:39.581 GMT-0800,145.474,145.42600000000002,0.12,0.12
13.11.2023 06:34:39.944 GMT-0800,145.514,145.45600000000002,0.12,0.0009
13.11.2023 06:34:39.995 GMT-0800,145.493,145.42700000000002,0.12,0.12
13.11.2023 06:34:40.102 GMT-0800,145.514,145.42600000000002,0.12,0.12
13.11.2023 06:34:43.375 GMT-0800,145.494,145.42600000000002,0.0009,0.09
13.11.2023 06:34:43.425 GMT-0800,145.494,145.406,0.12,0.12
13.11.2023 06:34:43.852 GMT-0800,145.493,145.42700000000002,0.12,0.0009
13.11.2023 06:34:44.326 GMT-0800,145.494,145.436,0.12,0.0009
13.11.2023 06:34:44.377 GMT-0800,145.494,145.42600000000002,0.12,0.12
13.11.2023 06:34:44.671 GMT-0800,145.493,145.437,0.12,0.12
13.11.2023 06:34:44.721 GMT-0800,145.494,145.42600000000002,0.12,0.12
13.11.2023 06:34:44.822 GMT-0800,145.514,145.446,0.12,0.0009
13.11.2023 06:34:44.874 GMT-0800,145.514,145.446,0.12,0.12
13.11.2023 06:34:44.980 GMT-0800,145.513,145.437,0.12,0.12
13.11.2023 06:34:45.031 GMT-0800,145.514,145.42600000000002,0.12,0.12
13.11.2023 06:34:45.671 GMT-0800,145.513,145.437,0.12,0.0009
13.11.2023 06:34:45.772 GMT-0800,145.514,145.42600000000002,0.12,0.12
13.11.2023 06:34:45.875 GMT-0800,145.513,145.437,0.12,0.0009
13.11.2023 06:34:46.298 GMT-0800,145.493,145.42700000000002,0.12,0.12
13.11.2023 06:34:46.348 GMT-0800,145.493,145.42700000000002,0.12,0.12
13.11.2023 06:34:50.968 GMT-0800,145.493,145.437,0.12,0.0009
13.11.2023 06:34:51.452 GMT-0800,145.494,145.42600000000002,0.12,0.12
13.11.2023 06:34:51.574 GMT-0800,145.494,145.436,0.12,0.0009
13.11.2023 06:34:51.799 GMT-0800,145.47299999999998,145.42700000000002,0.12,0.12
13.11.2023 06:34:51.919 GMT-0800,145.513,145.447,0.12,0.12
13.11.2023 06:34:53.362 GMT-0800,145.514,145.42600000000002,0.12,0.12
13.11.2023 06:34:54.283 GMT-0800,145.513,145.447,0.12,0.0009
13.11.2023 06:34:57.303 GMT-0800,145.513,145.45700000000002,0.12,0.0009
13.11.2023 06:34:57.404 GMT-0800,145.513,145.447,0.12,0.12
13.11.2023 06:34:57.651 GMT-0800,145.494,145.446,0.0009,0.12
13.11.2023 06:34:57.702 GMT-0800,145.513,145.45700000000002,0.12,0.0009
13.11.2023 06:34:57.927 GMT-0800,145.514,145.446,0.12,0.12
13.11.2023 06:34:58.044 GMT-0800,145.513,145.45700000000002,0.12,0.0009
13.11.2023 06:34:58.094 GMT-0800,145.514,145.446,0.12,0.12
13.11.2023 06:34:58.145 GMT-0800,145.513,145.45700000000002,0.12,0.0009
13.11.2023 06:34:58.195 GMT-0800,145.514,145.446,0.12,0.12
13.11.2023 06:34:58.347 GMT-0800,145.514,145.45600000000002,0.12,0.12
13.11.2023 06:34:58.449 GMT-0800,145.514,145.446,0.12,0.12
13.11.2023 06:34:58.558 GMT-0800,145.514,145.45600000000002,0.12,0.12
13.11.2023 06:34:58.609 GMT-0800,145.513,145.447,0.12,0.12
13.11.2023 06:34:59.067 GMT-0800,145.514,145.45600000000002,0.12,0.0009
13.11.2023 06:34:59.269 GMT-0800,145.513,145.447,0.12,0.12
13.11.2023 06:34:59.334 GMT-0800,145.513,145.45700000000002,0.12,0.0009
13.11.2023 06:34:59.435 GMT-0800,145.514,145.446,0.12,0.12
13.11.2023 06:34:59.486 GMT-0800,145.513,145.45700000000002,0.12,0.12
13.11.2023 06:34:59.536 GMT-0800,145.514,145.446,0.12,0.12
13.11.2023 06:34:59.637 GMT-0800,145.514,145.436,0.12,0.12
13.11.2023 06:34:59.704 GMT-0800,145.514,145.446,0.12,0.0009
13.11.2023 06:34:59.805 GMT-0800,145.514,145.436,0.12,0.12
13.11.2023 06:35:00.096 GMT-0800,145.514,145.42600000000002,0.12,0.12
13.11.2023 06:35:00.197 GMT-0800,145.514,145.446,0.12,0.0009
13.11.2023 06:35:00.262 GMT-0800,145.513,145.437,0.12,0.0009
13.11.2023 06:35:00.373 GMT-0800,145.514,145.446,0.12,0.0009
13.11.2023 06:35:00.424 GMT-0800,145.514,145.436,0.12,0.12
13.11.2023 06:35:00.475 GMT-0800,145.513,145.447,0.12,0.0009
13.11.2023 06:35:00.576 GMT-0800,145.514,145.45600000000002,0.12,0.09
13.11.2023 06:35:00.677 GMT-0800,145.513,145.447,0.12,0.12
13.11.2023 06:35:00.727 GMT-0800,145.513,145.45700000000002,0.12,0.0009
13.11.2023 06:35:00.778 GMT-0800,145.514,145.446,0.12,0.12
13.11.2023 06:35:00.829 GMT-0800,145.493,145.417,0.0009,0.12
13.11.2023 06:35:01.232 GMT-0800,145.474,145.416,0.0009,0.12
13.11.2023 06:35:02.328 GMT-0800,145.494,145.42600000000002,0.12,0.0009
13.11.2023 06:35:02.432 GMT-0800,145.504,145.42600000000002,0.12,0.12
13.11.2023 06:35:02.544 GMT-0800,145.513,145.42700000000002,0.12,0.12
13.11.2023 06:35:02.664 GMT-0800,145.494,145.42600000000002,0.0009,0.12
13.11.2023 06:35:02.919 GMT-0800,145.47299999999998,145.42700000000002,0.0009,0.09
13.11.2023 06:35:03.020 GMT-0800,145.474,145.416,0.12,0.12
13.11.2023 06:35:03.247 GMT-0800,145.464,145.416,0.12,0.12
13.11.2023 06:35:03.369 GMT-0800,145.493,145.447,0.12,0.0009
13.11.2023 06:35:03.420 GMT-0800,145.493,145.42700000000002,0.12,0.12
13.11.2023 06:35:03.793 GMT-0800,145.494,145.416,0.12,0.12
13.11.2023 06:35:03.844 GMT-0800,145.494,145.42600000000002,0.12,0.12
13.11.2023 06:35:03.945 GMT-0800,145.493,145.417,0.12,0.12
13.11.2023 06:35:04.318 GMT-0800,145.483,145.42700000000002,0.12,0.0009
13.11.2023 06:35:04.419 GMT-0800,145.484,145.42600000000002,0.12,0.12
13.11.2023 06:35:04.817 GMT-0800,145.514,145.45600000000002,0.12,0.0009
13.11.2023 06:35:04.918 GMT-0800,145.524,145.42600000000002,0.12,0.12
13.11.2023 06:35:04.981 GMT-0800,145.523,145.42700000000002,0.12,0.12
13.11.2023 06:35:05.130 GMT-0800,145.524,145.436,0.12,0.12
13.11.2023 06:35:05.281 GMT-0800,145.523,145.447,0.12,0.0009
13.11.2023 06:35:05.332 GMT-0800,145.524,145.436,0.12,0.12
13.11.2023 06:35:05.392 GMT-0800,145.553,145.497,0.12,0.0009
13.11.2023 06:35:05.443 GMT-0800,145.554,145.446,0.12,0.12
13.11.2023 06:35:06.612 GMT-0800,145.533,145.447,0.0009,0.09
13.11.2023 06:35:06.663 GMT-0800,145.534,145.42600000000002,0.12,0.12
13.11.2023 06:35:07.954 GMT-0800,145.533,145.437,0.12,0.0009
13.11.2023 06:35:08.005 GMT-0800,145.534,145.42600000000002,0.12,0.12
13.11.2023 06:35:08.106 GMT-0800,145.533,145.477,0.12,0.0009
13.11.2023 06:35:08.369 GMT-0800,145.553,145.48700000000002,0.12,0.0009
13.11.2023 06:35:08.419 GMT-0800,145.554,145.48600000000002,0.12,0.12
13.11.2023 06:35:08.594 GMT-0800,145.553,145.477,0.12,0.12
13.11.2023 06:35:08.658 GMT-0800,145.553,145.48700000000002,0.12,0.0009
13.11.2023 06:35:09.385 GMT-0800,145.543,145.48700000000002,0.0009,0.12
13.11.2023 06:35:09.436 GMT-0800,145.533,145.42700000000002,0.12,0.12
13.11.2023 06:35:10.140 GMT-0800,145.534,145.476,0.12,0.0009
13.11.2023 06:35:10.190 GMT-0800,145.574,145.506,0.12,0.12
13.11.2023 06:35:10.435 GMT-0800,145.573,145.51700000000002,0.12,0.0009
13.11.2023 06:35:10.608 GMT-0800,145.544,145.51600000000002,0.0009,0.09
13.11.2023 06:35:10.659 GMT-0800,145.553,145.507,0.12,0.12
13.11.2023 06:35:10.884 GMT-0800,145.574,145.506,0.12,0.12
13.11.2023 06:35:11.605 GMT-0800,145.554,145.506,0.12,0.12
13.11.2023 06:35:11.917 GMT-0800,145.573,145.507,0.12,0.12
13.11.2023 06:35:12.277 GMT-0800,145.564,145.506,0.0009,0.12
13.11.2023 06:35:12.378 GMT-0800,145.573,145.507,0.12,0.12
13.11.2023 06:35:12.429 GMT-0800,145.564,145.506,0.12,0.12
13.11.2023 06:35:12.542 GMT-0800,145.564,145.51600000000002,0.12,0.12
13.11.2023 06:35:12.700 GMT-0800,145.553,145.51700000000002,0.0009,0.09
13.11.2023 06:35:12.751 GMT-0800,145.553,145.507,0.12,0.12
13.11.2023 06:35:12.878 GMT-0800,145.574,145.506,0.12,0.12
13.11.2023 06:35:12.928 GMT-0800,145.563,145.507,0.12,0.12
13.11.2023 06:35:12.979 GMT-0800,145.574,145.506,0.12,0.12
13.11.2023 06:35:13.030 GMT-0800,145.603,145.51700000000002,0.12,0.12
13.11.2023 06:35:13.080 GMT-0800,145.614,145.54600000000002,0.12,0.0009
13.11.2023 06:35:13.181 GMT-0800,145.634,145.54600000000002,0.12,0.12
13.11.2023 06:35:13.244 GMT-0800,145.604,145.54600000000002,0.0009,0.12
13.11.2023 06:35:13.295 GMT-0800,145.614,145.54600000000002,0.12,0.12
13.11.2023 06:35:13.346 GMT-0800,145.633,145.55700000000002,0.12,0.12
13.11.2023 06:35:13.447 GMT-0800,145.603,145.55700000000002,0.12,0.12
13.11.2023 06:35:13.584 GMT-0800,145.593,145.55700000000002,0.0009,0.09
13.11.2023 06:35:13.634 GMT-0800,145.633,145.51700000000002,0.12,0.12
13.11.2023 06:35:13.724 GMT-0800,145.633,145.537,0.12,0.0009
13.11.2023 06:35:13.825 GMT-0800,145.593,145.537,0.0009,0.12
13.11.2023 06:35:14.690 GMT-0800,145.614,145.536,0.12,0.12
13.11.2023 06:35:14.856 GMT-0800,145.633,145.547,0.12,0.12
13.11.2023 06:35:14.907 GMT-0800,145.623,145.547,0.0009,0.12
13.11.2023 06:35:15.008 GMT-0800,145.634,145.566,0.12,0.12
13.11.2023 06:35:15.109 GMT-0800,145.624,145.566,0.0009,0.12
13.11.2023 06:35:15.650 GMT-0800,145.614,145.566,0.0009,0.09
13.11.2023 06:35:15.701 GMT-0800,145.633,145.567,0.12,0.12
13.11.2023 06:35:15.752 GMT-0800,145.623,145.567,0.12,0.12
13.11.2023 06:35:16.442 GMT-0800,145.614,145.566,0.0009,0.09
13.11.2023 06:35:16.494 GMT-0800,145.634,145.566,0.12,0.09
13.11.2023 06:35:16.545 GMT-0800,145.644,145.586,0.12,0.0009
13.11.2023 06:35:16.596 GMT-0800,145.644,145.586,0.12,0.12
13.11.2023 06:35:18.033 GMT-0800,145.644,145.576,0.12,0.12
13.11.2023 06:35:18.134 GMT-0800,145.643,145.58700000000002,0.12,0.0009
13.11.2023 06:35:18.235 GMT-0800,145.643,145.597,0.12,0.0009
13.11.2023 06:35:18.623 GMT-0800,145.643,145.607,0.12,0.0009
13.11.2023 06:35:19.252 GMT-0800,145.654,145.616,0.12,0.0009
13.11.2023 06:35:19.302 GMT-0800,145.653,145.607,0.12,0.12
13.11.2023 06:35:23.295 GMT-0800,145.644,145.606,0.0009,0.12
13.11.2023 06:35:24.126 GMT-0800,145.633,145.607,0.0009,0.12
13.11.2023 06:35:25.232 GMT-0800,145.613,145.592,0.0009,0.09
13.11.2023 06:35:25.283 GMT-0800,145.613,145.51700000000002,0.12,0.12
13.11.2023 06:35:25.333 GMT-0800,145.593,145.52700000000002,0.0009,0.0009
13.11.2023 06:35:25.437 GMT-0800,145.593,145.537,0.12,0.0009
13.11.2023 06:35:25.938 GMT-0800,145.593,145.52700000000002,0.12,0.12
13.11.2023 06:35:26.038 GMT-0800,145.574,145.526,0.0009,0.12
13.11.2023 06:35:26.432 GMT-0800,145.573,145.537,0.12,0.0009
13.11.2023 06:35:27.208 GMT-0800,145.554,145.536,0.0009,0.09
13.11.2023 06:35:27.259 GMT-0800,145.554,145.51600000000002,0.12,0.12
13.11.2023 06:35:27.967 GMT-0800,145.553,145.52700000000002,0.12,0.0009
13.11.2023 06:35:28.068 GMT-0800,145.603,145.547,0.12,0.12
13.11.2023 06:35:28.119 GMT-0800,145.594,145.54600000000002,0.12,0.12
13.11.2023 06:35:28.170 GMT-0800,145.603,145.547,0.12,0.12
13.11.2023 06:35:28.319 GMT-0800,145.593,145.547,0.0009,0.12
13.11.2023 06:35:28.513 GMT-0800,145.574,145.54600000000002,0.0009,0.09
13.11.2023 06:35:28.564 GMT-0800,145.573,145.537,0.12,0.12
13.11.2023 06:35:28.665 GMT-0800,145.594,145.536,0.12,0.12
13.11.2023 06:35:29.618 GMT-0800,145.563,145.537,0.0009,0.09
13.11.2023 06:35:29.669 GMT-0800,145.564,145.51600000000002,0.12,0.12
13.11.2023 06:35:29.928 GMT-0800,145.593,145.51700000000002,0.12,0.12
13.11.2023 06:35:30.886 GMT-0800,145.604,145.51600000000002,0.12,0.12
13.11.2023 06:35:30.937 GMT-0800,145.614,145.536,0.12,0.0009
13.11.2023 06:35:31.091 GMT-0800,145.603,145.537,0.12,0.12
13.11.2023 06:35:31.142 GMT-0800,145.603,145.537,0.12,0.12
13.11.2023 06:35:31.193 GMT-0800,145.594,145.536,0.0009,0.12
13.11.2023 06:35:31.473 GMT-0800,145.604,145.536,0.12,0.12
13.11.2023 06:35:31.528 GMT-0800,145.593,145.537,0.0009,0.12
13.11.2023 06:35:31.696 GMT-0800,145.603,145.537,0.12,0.12
13.11.2023 06:35:31.761 GMT-0800,145.594,145.536,0.0009,0.12
13.11.2023 06:35:33.034 GMT-0800,145.604,145.536,0.12,0.12
13.11.2023 06:35:33.826 GMT-0800,145.593,145.537,0.0009,0.12
13.11.2023 06:35:34.375 GMT-0800,145.554,145.536,0.0009,0.09
13.11.2023 06:35:34.426 GMT-0800,145.574,145.51600000000002,0.12,0.12
13.11.2023 06:35:34.533 GMT-0800,145.563,145.51700000000002,0.0009,0.12
13.11.2023 06:35:34.822 GMT-0800,145.594,145.51600000000002,0.12,0.12
13.11.2023 06:35:35.644 GMT-0800,145.564,145.51600000000002,0.12,0.12
13.11.2023 06:35:36.354 GMT-0800,145.553,145.51700000000002,0.0009,0.12
13.11.2023 06:35:36.455 GMT-0800,145.564,145.476,0.12,0.12
13.11.2023 06:35:36.506 GMT-0800,145.544,145.476,0.12,0.12
13.11.2023 06:35:36.618 GMT-0800,145.574,145.496,0.12,0.0009
13.11.2023 06:35:36.668 GMT-0800,145.573,145.497,0.12,0.12
13.11.2023 06:35:36.743 GMT-0800,145.574,145.51600000000002,0.12,0.0009
13.11.2023 06:35:36.844 GMT-0800,145.574,145.506,0.12,0.12
13.11.2023 06:35:36.974 GMT-0800,145.554,145.506,0.0009,0.12
13.11.2023 06:35:37.203 GMT-0800,145.573,145.507,0.12,0.12
13.11.2023 06:35:37.286 GMT-0800,145.564,145.506,0.0009,0.12
13.11.2023 06:35:37.388 GMT-0800,145.574,145.506,0.12,0.12
13.11.2023 06:35:37.590 GMT-0800,145.563,145.477,0.0009,0.12
13.11.2023 06:35:37.696 GMT-0800,145.564,145.506,0.12,0.0009
13.11.2023 06:35:37.866 GMT-0800,145.574,145.506,0.12,0.12
13.11.2023 06:35:37.916 GMT-0800,145.563,145.507,0.12,0.12
13.11.2023 06:35:37.967 GMT-0800,145.574,145.506,0.12,0.12
13.11.2023 06:35:38.018 GMT-0800,145.564,145.506,0.0009,0.12
13.11.2023 06:35:38.068 GMT-0800,145.574,145.506,0.12,0.12
13.11.2023 06:35:38.119 GMT-0800,145.563,145.507,0.12,0.12
13.11.2023 06:35:38.170 GMT-0800,145.574,145.506,0.12,0.12
13.11.2023 06:35:38.221 GMT-0800,145.563,145.507,0.12,0.12
13.11.2023 06:35:38.322 GMT-0800,145.574,145.506,0.12,0.12
13.11.2023 06:35:38.391 GMT-0800,145.594,145.526,0.12,0.0009
13.11.2023 06:35:38.442 GMT-0800,145.593,145.52700000000002,0.12,0.12
13.11.2023 06:35:38.584 GMT-0800,145.594,145.506,0.12,0.12
13.11.2023 06:35:39.471 GMT-0800,145.603,145.537,0.12,0.0009
13.11.2023 06:35:39.522 GMT-0800,145.614,145.536,0.12,0.12
13.11.2023 06:35:39.627 GMT-0800,145.613,145.547,0.12,0.0009
13.11.2023 06:35:39.758 GMT-0800,145.614,145.556,0.12,0.0009
13.11.2023 06:35:39.809 GMT-0800,145.623,145.547,0.12,0.12
13.11.2023 06:35:39.859 GMT-0800,145.624,145.556,0.12,0.0009
13.11.2023 06:35:39.961 GMT-0800,145.614,145.54600000000002,0.12,0.12
13.11.2023 06:35:40.112 GMT-0800,145.633,145.577,0.12,0.0009
13.11.2023 06:35:40.282 GMT-0800,145.634,145.556,0.12,0.12
13.11.2023 06:35:40.403 GMT-0800,145.633,145.537,0.12,0.12
13.11.2023 06:35:40.465 GMT-0800,145.653,145.577,0.12,0.0009
13.11.2023 06:35:40.515 GMT-0800,145.654,145.576,0.12,0.12
13.11.2023 06:35:40.628 GMT-0800,145.674,145.576,0.12,0.12
13.11.2023 06:35:40.679 GMT-0800,145.673,145.607,0.12,0.12
13.11.2023 06:35:42.018 GMT-0800,145.683,145.607,0.12,0.12
13.11.2023 06:35:42.069 GMT-0800,145.674,145.606,0.0009,0.12
13.11.2023 06:35:42.346 GMT-0800,145.654,145.606,0.0009,0.12
13.11.2023 06:35:42.397 GMT-0800,145.674,145.606,0.12,0.12
13.11.2023 06:35:42.448 GMT-0800,145.66299999999998,145.607,0.12,0.12
13.11.2023 06:35:42.499 GMT-0800,145.674,145.606,0.12,0.12
13.11.2023 06:35:42.550 GMT-0800,145.653,145.607,0.0009,0.12
13.11.2023 06:35:42.852 GMT-0800,145.674,145.606,0.12,0.12
13.11.2023 06:35:42.903 GMT-0800,145.66299999999998,145.607,0.12,0.12
13.11.2023 06:35:43.004 GMT-0800,145.673,145.607,0.12,0.12
13.11.2023 06:35:43.358 GMT-0800,145.643,145.607,0.0009,0.12
13.11.2023 06:35:44.135 GMT-0800,145.633,145.607,0.0009,0.12
13.11.2023 06:35:44.248 GMT-0800,145.614,145.605,0.0009,0.09
13.11.2023 06:35:44.298 GMT-0800,145.614,145.536,0.12,0.12
13.11.2023 06:35:44.349 GMT-0800,145.614,145.566,0.12,0.0009
13.11.2023 06:35:44.501 GMT-0800,145.603,145.567,0.12,0.12
13.11.2023 06:35:44.678 GMT-0800,145.614,145.54600000000002,0.12,0.12
13.11.2023 06:35:44.729 GMT-0800,145.613,145.547,0.12,0.12
13.11.2023 06:35:44.779 GMT-0800,145.593,145.547,0.0009,0.12
13.11.2023 06:35:44.830 GMT-0800,145.614,145.54600000000002,0.12,0.12
13.11.2023 06:35:45.187 GMT-0800,145.573,145.547,0.0009,0.09
13.11.2023 06:35:45.238 GMT-0800,145.574,145.526,0.12,0.12
13.11.2023 06:35:45.336 GMT-0800,145.613,145.537,0.12,0.0009
13.11.2023 06:35:45.386 GMT-0800,145.603,145.547,0.12,0.12
13.11.2023 06:35:45.437 GMT-0800,145.583,145.547,0.0009,0.12
13.11.2023 06:35:45.538 GMT-0800,145.594,145.54600000000002,0.12,0.12
13.11.2023 06:35:45.589 GMT-0800,145.584,145.506,0.12,0.12
13.11.2023 06:35:45.640 GMT-0800,145.613,145.537,0.12,0.12
13.11.2023 06:35:45.791 GMT-0800,145.584,145.536,0.12,0.12
13.11.2023 06:35:45.989 GMT-0800,145.614,145.506,0.12,0.12
13.11.2023 06:35:46.090 GMT-0800,145.634,145.536,0.12,0.0009
13.11.2023 06:35:46.141 GMT-0800,145.634,145.536,0.12,0.12
13.11.2023 06:35:46.195 GMT-0800,145.613,145.537,0.12,0.12
13.11.2023 06:35:46.331 GMT-0800,145.593,145.547,0.0009,0.12
13.11.2023 06:35:46.433 GMT-0800,145.593,145.51700000000002,0.12,0.12
13.11.2023 06:35:46.492 GMT-0800,145.593,145.547,0.12,0.0009
13.11.2023 06:35:46.544 GMT-0800,145.583,145.51700000000002,0.12,0.12
13.11.2023 06:35:46.658 GMT-0800,145.604,145.51600000000002,0.12,0.12
13.11.2023 06:35:46.910 GMT-0800,145.604,145.536,0.12,0.0009
13.11.2023 06:35:47.047 GMT-0800,145.603,145.537,0.12,0.12
13.11.2023 06:35:47.098 GMT-0800,145.604,145.536,0.12,0.12
13.11.2023 06:35:47.148 GMT-0800,145.584,145.536,0.12,0.12
13.11.2023 06:35:47.270 GMT-0800,145.573,145.497,0.12,0.12
13.11.2023 06:35:47.321 GMT-0800,145.604,145.496,0.12,0.12
13.11.2023 06:35:47.372 GMT-0800,145.603,145.51700000000002,0.12,0.12
13.11.2023 06:35:47.478 GMT-0800,145.583,145.51700000000002,0.12,0.12
13.11.2023 06:35:47.596 GMT-0800,145.574,145.496,0.12,0.12
13.11.2023 06:35:47.657 GMT-0800,145.564,145.506,0.0009,0.0009
13.11.2023 06:35:47.708 GMT-0800,145.604,145.51600000000002,0.12,0.0009
13.11.2023 06:35:47.759 GMT-0800,145.584,145.496,0.12,0.12
13.11.2023 06:35:47.898 GMT-0800,145.554,145.506,0.0009,0.0009
13.11.2023 06:35:48.387 GMT-0800,145.554,145.51600000000002,0.12,0.0009
13.11.2023 06:35:48.438 GMT-0800,145.603,145.52700000000002,0.12,0.12
13.11.2023 06:35:48.490 GMT-0800,145.583,145.52700000000002,0.0009,0.12
13.11.2023 06:35:48.591 GMT-0800,145.584,145.536,0.12,0.0009
13.11.2023 06:35:48.642 GMT-0800,145.583,145.52700000000002,0.12,0.12
13.11.2023 06:35:53.026 GMT-0800,145.584,145.496,0.12,0.12
13.11.2023 06:35:53.927 GMT-0800,145.584,145.526,0.12,0.0009
13.11.2023 06:35:53.978 GMT-0800,145.604,145.526,0.12,0.12
13.11.2023 06:35:54.029 GMT-0800,145.584,145.526,0.12,0.12
13.11.2023 06:35:55.961 GMT-0800,145.614,145.526,0.12,0.12
13.11.2023 06:35:56.011 GMT-0800,145.603,145.52700000000002,0.0009,0.12
13.11.2023 06:35:56.112 GMT-0800,145.643,145.55700000000002,0.12,0.12
13.11.2023 06:35:56.163 GMT-0800,145.604,145.526,0.12,0.12
13.11.2023 06:35:56.314 GMT-0800,145.604,145.556,0.12,0.0009
13.11.2023 06:35:57.030 GMT-0800,145.604,145.566,0.12,0.0009
13.11.2023 06:35:58.294 GMT-0800,145.633,145.567,0.12,0.12
13.11.2023 06:35:58.694 GMT-0800,145.633,145.577,0.12,0.09
13.11.2023 06:35:58.919 GMT-0800,145.604,145.576,0.0009,0.09
13.11.2023 06:35:59.020 GMT-0800,145.583,145.52700000000002,0.12,0.12
13.11.2023 06:35:59.384 GMT-0800,145.573,145.52700000000002,0.0009,0.12
13.11.2023 06:36:00.984 GMT-0800,145.573,145.547,0.12,0.0009
13.11.2023 06:36:01.488 GMT-0800,145.634,145.566,0.12,0.0009
13.11.2023 06:36:01.713 GMT-0800,145.643,145.567,0.12,0.12
13.11.2023 06:36:01.838 GMT-0800,145.633,145.567,0.0009,0.12
13.11.2023 06:36:02.075 GMT-0800,145.614,145.566,0.0009,0.12
13.11.2023 06:36:02.638 GMT-0800,145.594,145.566,0.0009,0.09
13.11.2023 06:36:02.688 GMT-0800,145.614,145.556,0.12,0.12
13.11.2023 06:36:02.739 GMT-0800,145.603,145.55700000000002,0.12,0.12
13.11.2023 06:36:02.790 GMT-0800,145.594,145.556,0.0009,0.12
13.11.2023 06:36:02.891 GMT-0800,145.583,145.55700000000002,0.0009,0.09
13.11.2023 06:36:02.955 GMT-0800,145.584,145.54600000000002,0.12,0.12
13.11.2023 06:36:03.225 GMT-0800,145.583,145.55700000000002,0.12,0.0009
13.11.2023 06:36:03.276 GMT-0800,145.614,145.556,0.12,0.12
13.11.2023 06:36:03.377 GMT-0800,145.613,145.547,0.12,0.12
13.11.2023 06:36:03.428 GMT-0800,145.593,145.547,0.0009,0.12
13.11.2023 06:36:04.087 GMT-0800,145.614,145.54600000000002,0.12,0.12
13.11.2023 06:36:04.544 GMT-0800,145.594,145.54600000000002,0.0009,0.12
13.11.2023 06:36:04.646 GMT-0800,145.563,145.52700000000002,0.12,0.12
13.11.2023 06:36:04.947 GMT-0800,145.574,145.496,0.12,0.12
13.11.2023 06:36:05.496 GMT-0800,145.584,145.51600000000002,0.12,0.12
13.11.2023 06:36:05.724 GMT-0800,145.593,145.51700000000002,0.12,0.12
13.11.2023 06:36:06.323 GMT-0800,145.564,145.496,0.12,0.12
13.11.2023 06:36:06.442 GMT-0800,145.563,145.477,0.12,0.12
13.11.2023 06:36:07.293 GMT-0800,145.563,145.497,0.12,0.0009
13.11.2023 06:36:07.394 GMT-0800,145.533,145.497,0.12,0.12
13.11.2023 06:36:07.979 GMT-0800,145.533,145.477,0.12,0.12
13.11.2023 06:36:08.159 GMT-0800,145.523,145.497,0.0009,0.0009
13.11.2023 06:36:08.210 GMT-0800,145.534,145.476,0.12,0.12
13.11.2023 06:36:08.310 GMT-0800,145.544,145.496,0.12,0.0009
13.11.2023 06:36:08.361 GMT-0800,145.554,145.496,0.12,0.12
13.11.2023 06:36:08.412 GMT-0800,145.563,145.497,0.12,0.12
13.11.2023 06:36:08.686 GMT-0800,145.564,145.51600000000002,0.12,0.0009
13.11.2023 06:36:08.737 GMT-0800,145.573,145.51700000000002,0.12,0.12
13.11.2023 06:36:08.789 GMT-0800,145.564,145.51600000000002,0.0009,0.12
13.11.2023 06:36:08.891 GMT-0800,145.574,145.51600000000002,0.12,0.12
13.11.2023 06:36:11.876 GMT-0800,145.584,145.51600000000002,0.12,0.12
13.11.2023 06:36:12.073 GMT-0800,145.573,145.51700000000002,0.0009,0.12
13.11.2023 06:36:13.284 GMT-0800,145.594,145.51600000000002,0.12,0.12
13.11.2023 06:36:13.398 GMT-0800,145.593,145.52700000000002,0.12,0.12
13.11.2023 06:36:13.844 GMT-0800,145.594,145.536,0.12,0.0009
13.11.2023 06:36:13.895 GMT-0800,145.593,145.52700000000002,0.12,0.12
13.11.2023 06:36:13.995 GMT-0800,145.594,145.536,0.12,0.0009
13.11.2023 06:36:14.052 GMT-0800,145.593,145.52700000000002,0.12,0.12
13.11.2023 06:36:14.327 GMT-0800,145.594,145.536,0.12,0.0009
13.11.2023 06:36:14.654 GMT-0800,145.593,145.52700000000002,0.12,0.12
13.11.2023 06:36:15.291 GMT-0800,145.564,145.526,0.0009,0.12
13.11.2023 06:36:15.392 GMT-0800,145.553,145.52700000000002,0.12,0.12
13.11.2023 06:36:15.736 GMT-0800,145.544,145.526,0.0009,0.12
13.11.2023 06:36:15.838 GMT-0800,145.583,145.52700000000002,0.12,0.12
13.11.2023 06:36:16.181 GMT-0800,145.574,145.526,0.12,0.12
13.11.2023 06:36:16.300 GMT-0800,145.584,145.526,0.12,0.12
13.11.2023 06:36:16.855 GMT-0800,145.624,145.536,0.12,0.0009
13.11.2023 06:36:16.906 GMT-0800,145.614,145.536,0.12,0.12
13.11.2023 06:36:16.962 GMT-0800,145.603,145.537,0.0009,0.12
13.11.2023 06:36:17.435 GMT-0800,145.584,145.536,0.0009,0.09
13.11.2023 06:36:17.486 GMT-0800,145.593,145.52700000000002,0.12,0.12
13.11.2023 06:36:17.641 GMT-0800,145.613,145.537,0.12,0.0009
13.11.2023 06:36:17.692 GMT-0800,145.614,145.536,0.12,0.12
13.11.2023 06:36:18.339 GMT-0800,145.614,145.556,0.12,0.0009
13.11.2023 06:36:18.448 GMT-0800,145.643,145.55700000000002,0.12,0.12
13.11.2023 06:36:18.499 GMT-0800,145.634,145.576,0.0009,0.0009
13.11.2023 06:36:19.105 GMT-0800,145.623,145.577,0.0009,0.09
13.11.2023 06:36:19.156 GMT-0800,145.624,145.566,0.12,0.12
13.11.2023 06:36:19.628 GMT-0800,145.633,145.577,0.12,0.0009
13.11.2023 06:36:19.797 GMT-0800,145.643,145.577,0.12,0.12
13.11.2023 06:36:20.088 GMT-0800,145.673,145.577,0.12,0.12
13.11.2023 06:36:20.139 GMT-0800,145.674,145.576,0.12,0.12
13.11.2023 06:36:20.714 GMT-0800,145.664,145.606,0.0009,0.0009
13.11.2023 06:36:20.816 GMT-0800,145.644,145.596,0.12,0.12
13.11.2023 06:36:20.867 GMT-0800,145.653,145.597,0.12,0.12
13.11.2023 06:36:23.000 GMT-0800,145.664,145.596,0.12,0.12
13.11.2023 06:36:23.153 GMT-0800,145.654,145.596,0.0009,0.12
13.11.2023 06:36:23.446 GMT-0800,145.664,145.596,0.12,0.12
13.11.2023 06:36:23.635 GMT-0800,145.653,145.597,0.0009,0.12
13.11.2023 06:36:23.896 GMT-0800,145.643,145.597,0.0009,0.12
13.11.2023 06:36:24.056 GMT-0800,145.634,145.596,0.0009,0.12
13.11.2023 06:36:24.900 GMT-0800,145.613,145.597,0.0009,0.09
13.11.2023 06:36:25.000 GMT-0800,145.613,145.547,0.12,0.12
13.11.2023 06:36:25.051 GMT-0800,145.613,145.55700000000002,0.12,0.12
13.11.2023 06:36:26.575 GMT-0800,145.644,145.556,0.12,0.12
13.11.2023 06:36:26.626 GMT-0800,145.644,145.556,0.12,0.12
13.11.2023 06:36:27.314 GMT-0800,145.633,145.55700000000002,0.0009,0.12
13.11.2023 06:36:27.415 GMT-0800,145.644,145.576,0.12,0.0009
13.11.2023 06:36:27.466 GMT-0800,145.643,145.577,0.12,0.12
13.11.2023 06:36:27.682 GMT-0800,145.633,145.577,0.0009,0.12
13.11.2023 06:36:27.783 GMT-0800,145.644,145.576,0.12,0.12
13.11.2023 06:36:27.963 GMT-0800,145.634,145.576,0.0009,0.12
13.11.2023 06:36:28.290 GMT-0800,145.643,145.577,0.12,0.12
13.11.2023 06:36:28.932 GMT-0800,145.633,145.577,0.0009,0.12
13.11.2023 06:36:29.358 GMT-0800,145.624,145.576,0.0009,0.12
13.11.2023 06:36:30.264 GMT-0800,145.644,145.596,0.12,0.12
13.11.2023 06:36:30.460 GMT-0800,145.633,145.577,0.12,0.12
13.11.2023 06:36:31.426 GMT-0800,145.644,145.576,0.12,0.12
13.11.2023 06:36:31.477 GMT-0800,145.644,145.606,0.12,0.12
13.11.2023 06:36:31.630 GMT-0800,145.643,145.597,0.12,0.12
13.11.2023 06:36:32.098 GMT-0800,145.634,145.596,0.0009,0.12
13.11.2023 06:36:32.200 GMT-0800,145.603,145.577,0.0009,0.09
13.11.2023 06:36:32.301 GMT-0800,145.634,145.576,0.12,0.09
13.11.2023 06:36:32.534 GMT-0800,145.583,145.497,0.12,0.12
13.11.2023 06:36:33.350 GMT-0800,145.574,145.526,0.0009,0.0009
13.11.2023 06:36:33.401 GMT-0800,145.574,145.496,0.12,0.12
13.11.2023 06:36:33.692 GMT-0800,145.583,145.497,0.12,0.12
13.11.2023 06:36:35.551 GMT-0800,145.583,145.51700000000002,0.12,0.0009
13.11.2023 06:36:35.602 GMT-0800,145.584,145.496,0.12,0.12
13.11.2023 06:36:36.051 GMT-0800,145.574,145.496,0.0009,0.12
13.11.2023 06:36:36.152 GMT-0800,145.583,145.497,0.12,0.12
13.11.2023 06:36:36.524 GMT-0800,145.564,145.496,0.0009,0.12
13.11.2023 06:36:37.051 GMT-0800,145.564,145.476,0.12,0.12
13.11.2023 06:36:37.579 GMT-0800,145.564,145.496,0.12,0.0009
13.11.2023 06:36:37.883 GMT-0800,145.563,145.477,0.12,0.12
13.11.2023 06:36:38.298 GMT-0800,145.563,145.497,0.12,0.0009
13.11.2023 06:36:38.732 GMT-0800,145.583,145.497,0.12,0.12
13.11.2023 06:36:39.076 GMT-0800,145.574,145.496,0.0009,0.12
13.11.2023 06:36:39.127 GMT-0800,145.583,145.497,0.12,0.12
13.11.2023 06:36:39.823 GMT-0800,145.574,145.496,0.0009,0.12
13.11.2023 06:36:39.925 GMT-0800,145.583,145.497,0.12,0.12
13.11.2023 06:36:42.617 GMT-0800,145.574,145.496,0.0009,0.12
13.11.2023 06:36:42.668 GMT-0800,145.583,145.497,0.12,0.12
13.11.2023 06:36:43.084 GMT-0800,145.574,145.496,0.0009,0.12
13.11.2023 06:36:43.185 GMT-0800,145.583,145.497,0.12,0.12
13.11.2023 06:36:43.580 GMT-0800,145.573,145.497,0.0009,0.12
13.11.2023 06:36:43.631 GMT-0800,145.583,145.497,0.12,0.12
13.11.2023 06:36:44.117 GMT-0800,145.564,145.496,0.0009,0.12
13.11.2023 06:36:44.168 GMT-0800,145.583,145.497,0.12,0.12
13.11.2023 06:36:44.219 GMT-0800,145.574,145.496,0.12,0.12
13.11.2023 06:36:44.270 GMT-0800,145.583,145.497,0.12,0.12
13.11.2023 06:36:44.321 GMT-0800,145.563,145.497,0.12,0.12
13.11.2023 06:36:44.374 GMT-0800,145.574,145.496,0.12,0.12
13.11.2023 06:36:44.629 GMT-0800,145.583,145.497,0.12,0.12
13.11.2023 06:36:44.781 GMT-0800,145.573,145.497,0.12,0.12
13.11.2023 06:36:44.882 GMT-0800,145.584,145.496,0.12,0.12
13.11.2023 06:36:44.933 GMT-0800,145.573,145.477,0.12,0.12
13.11.2023 06:36:45.085 GMT-0800,145.564,145.476,0.12,0.12
13.11.2023 06:36:45.239 GMT-0800,145.544,145.476,0.12,0.12
13.11.2023 06:36:45.341 GMT-0800,145.543,145.48700000000002,0.12,0.12
13.11.2023 06:36:45.442 GMT-0800,145.534,145.476,0.12,0.12
13.11.2023 06:36:45.550 GMT-0800,145.524,145.476,0.0009,0.12
13.11.2023 06:36:45.652 GMT-0800,145.543,145.477,0.12,0.12
13.11.2023 06:36:46.242 GMT-0800,145.563,145.477,0.12,0.12
13.11.2023 06:36:46.849 GMT-0800,145.533,145.477,0.0009,0.12
13.11.2023 06:36:47.373 GMT-0800,145.543,145.477,0.12,0.12
13.11.2023 06:36:50.316 GMT-0800,145.524,145.476,0.0009,0.12
13.11.2023 06:36:50.367 GMT-0800,145.543,145.477,0.12,0.12
13.11.2023 06:36:50.434 GMT-0800,145.523,145.477,0.0009,0.12
13.11.2023 06:36:50.485 GMT-0800,145.543,145.48700000000002,0.12,0.09
13.11.2023 06:36:50.586 GMT-0800,145.533,145.477,0.12,0.12
13.11.2023 06:36:50.868 GMT-0800,145.544,145.476,0.12,0.12
13.11.2023 06:36:50.932 GMT-0800,145.543,145.497,0.12,0.0009
13.11.2023 06:36:52.039 GMT-0800,145.534,145.476,0.12,0.12
13.11.2023 06:36:52.209 GMT-0800,145.534,145.496,0.12,0.0009
13.11.2023 06:36:53.549 GMT-0800,145.533,145.477,0.12,0.12
13.11.2023 06:36:53.909 GMT-0800,145.523,145.477,0.0009,0.12
13.11.2023 06:36:55.354 GMT-0800,145.524,145.506,0.12,0.0009
13.11.2023 06:36:55.455 GMT-0800,145.534,145.496,0.12,0.12
13.11.2023 06:36:55.633 GMT-0800,145.544,145.496,0.12,0.12
13.11.2023 06:36:55.878 GMT-0800,145.553,145.497,0.12,0.12
13.11.2023 06:36:55.940 GMT-0800,145.544,145.496,0.0009,0.12
13.11.2023 06:36:57.225 GMT-0800,145.553,145.497,0.12,0.12
13.11.2023 06:36:57.298 GMT-0800,145.544,145.496,0.0009,0.12
13.11.2023 06:36:58.061 GMT-0800,145.505,145.496,0.0009,0.09
13.11.2023 06:36:58.112 GMT-0800,145.544,145.476,0.12,0.12
13.11.2023 06:36:58.369 GMT-0800,145.543,145.48700000000002,0.12,0.0009
13.11.2023 06:36:58.470 GMT-0800,145.544,145.496,0.12,0.0009
13.11.2023 06:36:58.621 GMT-0800,145.544,145.476,0.12,0.12
13.11.2023 06:36:58.984 GMT-0800,145.554,145.496,0.12,0.0009
13.11.2023 06:36:59.035 GMT-0800,145.554,145.496,0.12,0.12
13.11.2023 06:36:59.086 GMT-0800,145.553,145.507,0.12,0.12
13.11.2023 06:36:59.187 GMT-0800,145.543,145.477,0.12,0.12
13.11.2023 06:37:00.089 GMT-0800,145.523,145.477,0.0009,0.12
13.11.2023 06:37:00.140 GMT-0800,145.543,145.48700000000002,0.12,0.0009
13.11.2023 06:37:00.241 GMT-0800,145.543,145.477,0.12,0.12
13.11.2023 06:37:00.937 GMT-0800,145.543,145.48700000000002,0.12,0.0009
13.11.2023 06:37:01.344 GMT-0800,145.534,145.48600000000002,0.0009,0.12
13.11.2023 06:37:01.661 GMT-0800,145.533,145.477,0.12,0.12
13.11.2023 06:37:01.712 GMT-0800,145.533,145.48700000000002,0.12,0.0009
13.11.2023 06:37:01.928 GMT-0800,145.544,145.476,0.12,0.12
13.11.2023 06:37:01.979 GMT-0800,145.534,145.48600000000002,0.12,0.12
13.11.2023 06:37:02.030 GMT-0800,145.533,145.477,0.12,0.12
13.11.2023 06:37:02.081 GMT-0800,145.524,145.476,0.0009,0.12
13.11.2023 06:37:02.199 GMT-0800,145.534,145.48600000000002,0.12,0.09
13.11.2023 06:37:02.250 GMT-0800,145.533,145.477,0.12,0.12
13.11.2023 06:37:02.590 GMT-0800,145.534,145.48600000000002,0.12,0.0009
13.11.2023 06:37:02.691 GMT-0800,145.534,145.476,0.12,0.12
13.11.2023 06:37:03.378 GMT-0800,145.534,145.48600000000002,0.12,0.0009
13.11.2023 06:37:03.480 GMT-0800,145.543,145.48700000000002,0.12,0.12
13.11.2023 06:37:03.598 GMT-0800,145.544,145.496,0.12,0.0009
13.11.2023 06:37:03.649 GMT-0800,145.543,145.48700000000002,0.12,0.12
13.11.2023 06:37:04.282 GMT-0800,145.544,145.496,0.12,0.0009
13.11.2023 06:37:04.384 GMT-0800,145.544,145.48600000000002,0.12,0.12
13.11.2023 06:37:04.486 GMT-0800,145.543,145.477,0.12,0.12
13.11.2023 06:37:04.761 GMT-0800,145.543,145.48700000000002,0.12,0.0009
13.11.2023 06:37:04.917 GMT-0800,145.543,145.477,0.12,0.12
13.11.2023 06:37:04.979 GMT-0800,145.543,145.48700000000002,0.12,0.0009
13.11.2023 06:37:05.080 GMT-0800,145.543,145.497,0.12,0.0009
13.11.2023 06:37:05.182 GMT-0800,145.543,145.477,0.12,0.12
13.11.2023 06:37:05.232 GMT-0800,145.543,145.48700000000002,0.12,0.0009
13.11.2023 06:37:05.399 GMT-0800,145.543,145.497,0.12,0.0009
13.11.2023 06:37:05.615 GMT-0800,145.543,145.48700000000002,0.12,0.12
13.11.2023 06:37:05.666 GMT-0800,145.544,145.496,0.12,0.12
13.11.2023 06:37:05.717 GMT-0800,145.544,145.48600000000002,0.12,0.12
13.11.2023 06:37:05.768 GMT-0800,145.543,145.497,0.12,0.12
13.11.2023 06:37:05.936 GMT-0800,145.553,145.497,0.12,0.12
13.11.2023 06:37:06.037 GMT-0800,145.544,145.496,0.0009,0.12
13.11.2023 06:37:07.809 GMT-0800,145.554,145.496,0.12,0.12
13.11.2023 06:37:08.071 GMT-0800,145.553,145.507,0.12,0.0009
13.11.2023 06:37:08.629 GMT-0800,145.584,145.526,0.12,0.0009
13.11.2023 06:37:08.680 GMT-0800,145.583,145.52700000000002,0.12,0.12
13.11.2023 06:37:10.145 GMT-0800,145.564,145.526,0.0009,0.09
13.11.2023 06:37:10.196 GMT-0800,145.563,145.497,0.12,0.12
13.11.2023 06:37:11.421 GMT-0800,145.564,145.506,0.12,0.0009
13.11.2023 06:37:11.472 GMT-0800,145.584,145.506,0.12,0.12
13.11.2023 06:37:12.250 GMT-0800,145.583,145.52700000000002,0.12,0.0009
13.11.2023 06:37:12.301 GMT-0800,145.583,145.51700000000002,0.12,0.12
13.11.2023 06:37:12.366 GMT-0800,145.583,145.52700000000002,0.12,0.0009
13.11.2023 06:37:12.850 GMT-0800,145.593,145.547,0.12,0.0009
13.11.2023 06:37:12.901 GMT-0800,145.594,145.54600000000002,0.12,0.12
13.11.2023 06:37:12.969 GMT-0800,145.584,145.54600000000002,0.0009,0.09
13.11.2023 06:37:13.029 GMT-0800,145.583,145.52700000000002,0.12,0.12
13.11.2023 06:37:13.519 GMT-0800,145.594,145.54600000000002,0.12,0.0009
13.11.2023 06:37:13.570 GMT-0800,145.594,145.506,0.12,0.12
13.11.2023 06:37:14.565 GMT-0800,145.593,145.52700000000002,0.12,0.0009
13.11.2023 06:37:14.616 GMT-0800,145.594,145.506,0.12,0.12
13.11.2023 06:37:15.714 GMT-0800,145.573,145.507,0.0009,0.09
13.11.2023 06:37:16.833 GMT-0800,145.593,145.507,0.12,0.12
13.11.2023 06:37:16.883 GMT-0800,145.583,145.537,0.0009,0.0009
13.11.2023 06:37:17.093 GMT-0800,145.573,145.537,0.0009,0.09
13.11.2023 06:37:17.144 GMT-0800,145.574,145.526,0.12,0.12
13.11.2023 06:37:17.714 GMT-0800,145.583,145.52700000000002,0.12,0.12
13.11.2023 06:37:17.810 GMT-0800,145.574,145.526,0.0009,0.12
13.11.2023 06:37:18.060 GMT-0800,145.583,145.52700000000002,0.12,0.12
13.11.2023 06:37:18.218 GMT-0800,145.573,145.52700000000002,0.0009,0.12
13.11.2023 06:37:19.424 GMT-0800,145.573,145.507,0.12,0.12
13.11.2023 06:37:19.622 GMT-0800,145.574,145.496,0.12,0.12
13.11.2023 06:37:20.012 GMT-0800,145.574,145.506,0.12,0.0009
13.11.2023 06:37:20.271 GMT-0800,145.573,145.497,0.12,0.12
13.11.2023 06:37:21.696 GMT-0800,145.554,145.496,0.0009,0.12
13.11.2023 06:37:21.747 GMT-0800,145.563,145.497,0.12,0.12
13.11.2023 06:37:21.848 GMT-0800,145.553,145.497,0.12,0.12
13.11.2023 06:37:21.972 GMT-0800,145.534,145.496,0.0009,0.09
13.11.2023 06:37:22.023 GMT-0800,145.534,145.476,0.12,0.12
13.11.2023 06:37:22.774 GMT-0800,145.533,145.48700000000002,0.12,0.0009
13.11.2023 06:37:22.875 GMT-0800,145.533,145.477,0.12,0.12
13.11.2023 06:37:23.903 GMT-0800,145.513,145.477,0.0009,0.12
13.11.2023 06:37:24.461 GMT-0800,145.533,145.477,0.12,0.12
13.11.2023 06:37:24.511 GMT-0800,145.514,145.476,0.12,0.12
13.11.2023 06:37:25.197 GMT-0800,145.493,145.477,0.0009,0.09
13.11.2023 06:37:25.248 GMT-0800,145.503,145.42700000000002,0.12,0.12
13.11.2023 06:37:25.302 GMT-0800,145.484,145.42600000000002,0.0009,0.12
13.11.2023 06:37:25.500 GMT-0800,145.503,145.42700000000002,0.12,0.12
13.11.2023 06:37:25.553 GMT-0800,145.493,145.42700000000002,0.0009,0.12
13.11.2023 06:37:25.706 GMT-0800,145.504,145.42600000000002,0.12,0.12
13.11.2023 06:37:26.153 GMT-0800,145.503,145.447,0.12,0.0009
13.11.2023 06:37:26.204 GMT-0800,145.503,145.42700000000002,0.12,0.12
13.11.2023 06:37:26.255 GMT-0800,145.513,145.42700000000002,0.12,0.12
13.11.2023 06:37:27.012 GMT-0800,145.513,145.447,0.12,0.0009
13.11.2023 06:37:27.113 GMT-0800,145.513,145.42700000000002,0.12,0.12
13.11.2023 06:37:28.257 GMT-0800,145.514,145.446,0.12,0.0009
13.11.2023 06:37:28.893 GMT-0800,145.513,145.45700000000002,0.12,0.0009
13.11.2023 06:37:29.105 GMT-0800,145.514,145.446,0.12,0.12
13.11.2023 06:37:29.155 GMT-0800,145.513,145.45700000000002,0.12,0.12
13.11.2023 06:37:29.271 GMT-0800,145.513,145.42700000000002,0.12,0.12
13.11.2023 06:37:29.322 GMT-0800,145.514,145.45600000000002,0.12,0.0009
13.11.2023 06:37:30.548 GMT-0800,145.513,145.467,0.12,0.0009
13.11.2023 06:37:30.599 GMT-0800,145.523,145.467,0.12,0.12
13.11.2023 06:37:30.700 GMT-0800,145.514,145.45600000000002,0.12,0.12
13.11.2023 06:37:30.992 GMT-0800,145.523,145.477,0.12,0.0009
13.11.2023 06:37:31.042 GMT-0800,145.524,145.476,0.12,0.12
13.11.2023 06:37:31.207 GMT-0800,145.513,145.477,0.0009,0.12
13.11.2023 06:37:31.308 GMT-0800,145.513,145.467,0.12,0.12
13.11.2023 06:37:31.520 GMT-0800,145.524,145.496,0.12,0.12
13.11.2023 06:37:31.719 GMT-0800,145.523,145.467,0.12,0.12
13.11.2023 06:37:32.100 GMT-0800,145.523,145.48700000000002,0.12,0.0009
13.11.2023 06:37:32.389 GMT-0800,145.523,145.497,0.12,0.0009
13.11.2023 06:37:32.439 GMT-0800,145.524,145.48600000000002,0.12,0.09
13.11.2023 06:37:32.490 GMT-0800,145.523,145.467,0.12,0.12
13.11.2023 06:37:33.182 GMT-0800,145.513,145.467,0.0009,0.12
13.11.2023 06:37:33.233 GMT-0800,145.514,145.45600000000002,0.12,0.12
13.11.2023 06:37:33.284 GMT-0800,145.513,145.467,0.12,0.0009
13.11.2023 06:37:35.910 GMT-0800,145.514,145.48600000000002,0.12,0.0009
13.11.2023 06:37:35.962 GMT-0800,145.514,145.466,0.12,0.12
13.11.2023 06:37:37.675 GMT-0800,145.564,145.496,0.12,0.0009
13.11.2023 06:37:37.726 GMT-0800,145.563,145.497,0.12,0.12
13.11.2023 06:37:37.789 GMT-0800,145.554,145.496,0.0009,0.12
13.11.2023 06:37:37.940 GMT-0800,145.574,145.496,0.12,0.12
13.11.2023 06:37:38.352 GMT-0800,145.554,145.496,0.0009,0.12
13.11.2023 06:37:38.821 GMT-0800,145.554,145.506,0.12,0.0009
13.11.2023 06:37:39.145 GMT-0800,145.553,145.497,0.12,0.12
13.11.2023 06:37:39.278 GMT-0800,145.553,145.507,0.12,0.0009
13.11.2023 06:37:39.624 GMT-0800,145.553,145.497,0.12,0.12
13.11.2023 06:37:40.339 GMT-0800,145.554,145.506,0.12,0.0009
13.11.2023 06:37:41.175 GMT-0800,145.544,145.506,0.0009,0.12
13.11.2023 06:37:41.226 GMT-0800,145.554,145.506,0.12,0.12
13.11.2023 06:37:41.528 GMT-0800,145.583,145.537,0.12,0.0009
13.11.2023 06:37:41.580 GMT-0800,145.574,145.506,0.12,0.12
13.11.2023 06:37:41.631 GMT-0800,145.544,145.506,0.0009,0.12
13.11.2023 06:37:42.564 GMT-0800,145.573,145.507,0.12,0.12
13.11.2023 06:37:43.140 GMT-0800,145.574,145.51600000000002,0.12,0.0009
13.11.2023 06:37:43.448 GMT-0800,145.573,145.507,0.12,0.12
13.11.2023 06:37:44.475 GMT-0800,145.563,145.507,0.0009,0.12
13.11.2023 06:37:44.840 GMT-0800,145.524,145.506,0.0009,0.09
13.11.2023 06:37:44.891 GMT-0800,145.554,145.466,0.12,0.12
13.11.2023 06:37:44.973 GMT-0800,145.514,145.476,0.0009,0.0009
13.11.2023 06:37:45.025 GMT-0800,145.524,145.466,0.12,0.12
13.11.2023 06:37:45.198 GMT-0800,145.504,145.466,0.0009,0.12
13.11.2023 06:37:45.543 GMT-0800,145.524,145.45600000000002,0.12,0.12
13.11.2023 06:37:45.594 GMT-0800,145.523,145.45700000000002,0.12,0.12
13.11.2023 06:37:45.645 GMT-0800,145.523,145.467,0.12,0.12
13.11.2023 06:37:46.021 GMT-0800,145.523,145.477,0.12,0.0009
13.11.2023 06:37:46.123 GMT-0800,145.524,145.466,0.12,0.12
13.11.2023 06:37:46.173 GMT-0800,145.553,145.48700000000002,0.12,0.0009
13.11.2023 06:37:46.224 GMT-0800,145.553,145.48700000000002,0.12,0.12
13.11.2023 06:37:46.325 GMT-0800,145.554,145.496,0.12,0.0009
13.11.2023 06:37:46.376 GMT-0800,145.554,145.48600000000002,0.12,0.12
13.11.2023 06:37:46.426 GMT-0800,145.554,145.506,0.12,0.12
13.11.2023 06:37:46.477 GMT-0800,145.584,145.526,0.12,0.12
13.11.2023 06:37:47.099 GMT-0800,145.573,145.52700000000002,0.0009,0.12
13.11.2023 06:37:47.150 GMT-0800,145.583,145.52700000000002,0.12,0.12
13.11.2023 06:37:48.509 GMT-0800,145.584,145.54600000000002,0.12,0.0009
13.11.2023 06:37:48.559 GMT-0800,145.584,145.526,0.12,0.12
13.11.2023 06:37:49.906 GMT-0800,145.584,145.536,0.12,0.0009
13.11.2023 06:37:49.956 GMT-0800,145.584,145.526,0.12,0.12
13.11.2023 06:37:50.259 GMT-0800,145.633,145.567,0.12,0.12
13.11.2023 06:37:50.410 GMT-0800,145.643,145.567,0.12,0.12
13.11.2023 06:37:50.511 GMT-0800,145.634,145.556,0.12,0.12
13.11.2023 06:37:50.789 GMT-0800,145.614,145.556,0.0009,0.12
13.11.2023 06:37:50.840 GMT-0800,145.633,145.55700000000002,0.12,0.12
13.11.2023 06:37:50.984 GMT-0800,145.613,145.55700000000002,0.0009,0.12
13.11.2023 06:37:51.435 GMT-0800,145.593,145.55700000000002,0.0009,0.09
13.11.2023 06:37:51.486 GMT-0800,145.614,145.556,0.12,0.09
13.11.2023 06:37:51.537 GMT-0800,145.613,145.537,0.12,0.12
13.11.2023 06:37:51.924 GMT-0800,145.614,145.54600000000002,0.12,0.0009
13.11.2023 06:37:51.975 GMT-0800,145.613,145.537,0.12,0.12
13.11.2023 06:37:52.361 GMT-0800,145.613,145.547,0.12,0.0009
13.11.2023 06:37:52.488 GMT-0800,145.593,145.547,0.0009,0.12
13.11.2023 06:37:52.539 GMT-0800,145.613,145.547,0.12,0.12
13.11.2023 06:37:53.372 GMT-0800,145.613,145.567,0.12,0.0009
13.11.2023 06:37:53.423 GMT-0800,145.613,145.55700000000002,0.12,0.12
13.11.2023 06:37:53.474 GMT-0800,145.603,145.55700000000002,0.12,0.12
13.11.2023 06:37:53.782 GMT-0800,145.614,145.556,0.12,0.12
13.11.2023 06:37:53.986 GMT-0800,145.634,145.556,0.12,0.12
13.11.2023 06:37:54.036 GMT-0800,145.633,145.567,0.12,0.0009
13.11.2023 06:37:54.138 GMT-0800,145.633,145.55700000000002,0.12,0.12
13.11.2023 06:37:55.519 GMT-0800,145.633,145.567,0.12,0.0009
13.11.2023 06:37:55.629 GMT-0800,145.633,145.577,0.12,0.0009
13.11.2023 06:37:55.797 GMT-0800,145.633,145.58700000000002,0.12,0.12
13.11.2023 06:37:55.967 GMT-0800,145.654,145.586,0.12,0.12
13.11.2023 06:37:56.975 GMT-0800,145.623,145.58700000000002,0.0009,0.09
13.11.2023 06:37:57.026 GMT-0800,145.613,145.55700000000002,0.12,0.12
13.11.2023 06:37:57.076 GMT-0800,145.634,145.566,0.12,0.0009
13.11.2023 06:37:57.127 GMT-0800,145.633,145.567,0.12,0.12
13.11.2023 06:37:57.349 GMT-0800,145.654,145.566,0.12,0.12
13.11.2023 06:37:57.636 GMT-0800,145.66299999999998,145.58700000000002,0.12,0.0009
13.11.2023 06:37:58.028 GMT-0800,145.653,145.597,0.12,0.09
13.11.2023 06:37:58.079 GMT-0800,145.654,145.566,0.12,0.12
13.11.2023 06:38:02.132 GMT-0800,145.653,145.58700000000002,0.12,0.0009
13.11.2023 06:38:02.182 GMT-0800,145.653,145.567,0.12,0.12
13.11.2023 06:38:02.406 GMT-0800,145.654,145.606,0.12,0.0009
13.11.2023 06:38:02.520 GMT-0800,145.664,145.616,0.12,0.12
13.11.2023 06:38:02.621 GMT-0800,145.66299999999998,145.627,0.12,0.0009
13.11.2023 06:38:03.083 GMT-0800,145.674,145.626,0.12,0.12
13.11.2023 06:38:03.196 GMT-0800,145.683,145.627,0.12,0.12
13.11.2023 06:38:03.253 GMT-0800,145.674,145.626,0.0009,0.12
13.11.2023 06:38:03.354 GMT-0800,145.683,145.627,0.12,0.12
13.11.2023 06:38:03.575 GMT-0800,145.673,145.627,0.0009,0.12
13.11.2023 06:38:03.677 GMT-0800,145.684,145.626,0.12,0.12
13.11.2023 06:38:03.727 GMT-0800,145.674,145.626,0.0009,0.12
13.11.2023 06:38:03.828 GMT-0800,145.713,145.637,0.12,0.0009
13.11.2023 06:38:03.879 GMT-0800,145.714,145.636,0.12,0.12
13.11.2023 06:38:03.945 GMT-0800,145.664,145.636,0.0009,0.09
13.11.2023 06:38:03.996 GMT-0800,145.664,145.596,0.12,0.12
13.11.2023 06:38:04.344 GMT-0800,145.653,145.597,0.0009,0.09
13.11.2023 06:38:04.395 GMT-0800,145.654,145.586,0.12,0.12
13.11.2023 06:38:04.445 GMT-0800,145.644,145.586,0.12,0.12
13.11.2023 06:38:04.552 GMT-0800,145.644,145.606,0.12,0.0009
13.11.2023 06:38:04.840 GMT-0800,145.653,145.58700000000002,0.12,0.12
13.11.2023 06:38:04.891 GMT-0800,145.653,145.607,0.12,0.0009
13.11.2023 06:38:05.114 GMT-0800,145.674,145.616,0.12,0.0009
13.11.2023 06:38:05.166 GMT-0800,145.683,145.61700000000002,0.12,0.12
13.11.2023 06:38:05.274 GMT-0800,145.684,145.606,0.12,0.12
13.11.2023 06:38:05.349 GMT-0800,145.694,145.636,0.12,0.0009
13.11.2023 06:38:05.450 GMT-0800,145.713,145.637,0.12,0.12
13.11.2023 06:38:05.501 GMT-0800,145.713,145.637,0.12,0.12
13.11.2023 06:38:05.723 GMT-0800,145.704,145.636,0.0009,0.12
13.11.2023 06:38:05.876 GMT-0800,145.713,145.637,0.12,0.12
13.11.2023 06:38:05.927 GMT-0800,145.703,145.637,0.12,0.12
13.11.2023 06:38:06.059 GMT-0800,145.714,145.656,0.12,0.12
13.11.2023 06:38:08.010 GMT-0800,145.734,145.67600000000002,0.12,0.0009
13.11.2023 06:38:08.061 GMT-0800,145.754,145.67600000000002,0.12,0.12
13.11.2023 06:38:09.350 GMT-0800,145.713,145.67700000000002,0.0009,0.09
13.11.2023 06:38:09.401 GMT-0800,145.713,145.64700000000002,0.12,0.12
13.11.2023 06:38:10.372 GMT-0800,145.713,145.637,0.12,0.12
13.11.2023 06:38:11.414 GMT-0800,145.713,145.64700000000002,0.12,0.0009
13.11.2023 06:38:11.596 GMT-0800,145.714,145.636,0.12,0.12
13.11.2023 06:38:11.654 GMT-0800,145.714,145.64600000000002,0.12,0.0009
13.11.2023 06:38:11.705 GMT-0800,145.713,145.637,0.12,0.12
13.11.2023 06:38:11.858 GMT-0800,145.714,145.64600000000002,0.12,0.0009
13.11.2023 06:38:11.910 GMT-0800,145.714,145.636,0.12,0.12
13.11.2023 06:38:13.324 GMT-0800,145.713,145.64700000000002,0.12,0.0009
13.11.2023 06:38:13.425 GMT-0800,145.724,145.666,0.12,0.0009
13.11.2023 06:38:13.476 GMT-0800,145.714,145.656,0.12,0.0009
13.11.2023 06:38:15.583 GMT-0800,145.684,145.656,0.0009,0.09
13.11.2023 06:38:15.634 GMT-0800,145.714,145.656,0.12,0.09
13.11.2023 06:38:15.685 GMT-0800,145.714,145.606,0.12,0.12
13.11.2023 06:38:15.983 GMT-0800,145.713,145.627,0.12,0.0009
13.11.2023 06:38:16.673 GMT-0800,145.704,145.626,0.0009,0.09
13.11.2023 06:38:16.787 GMT-0800,145.673,145.627,0.0009,0.09
13.11.2023 06:38:16.838 GMT-0800,145.673,145.58700000000002,0.12,0.12
13.11.2023 06:38:16.888 GMT-0800,145.674,145.586,0.12,0.12
13.11.2023 06:38:16.998 GMT-0800,145.673,145.58700000000002,0.12,0.12
13.11.2023 06:38:17.057 GMT-0800,145.66299999999998,145.58700000000002,0.0009,0.12
13.11.2023 06:38:19.934 GMT-0800,145.66299999999998,145.627,0.12,0.0009
13.11.2023 06:38:19.985 GMT-0800,145.66299999999998,145.61700000000002,0.12,0.12
13.11.2023 06:38:20.086 GMT-0800,145.664,145.606,0.12,0.12
13.11.2023 06:38:20.641 GMT-0800,145.683,145.627,0.12,0.0009
13.11.2023 06:38:20.692 GMT-0800,145.684,145.626,0.12,0.12
13.11.2023 06:38:21.213 GMT-0800,145.684,145.636,0.12,0.0009
13.11.2023 06:38:21.744 GMT-0800,145.694,145.64600000000002,0.12,0.0009
13.11.2023 06:38:21.795 GMT-0800,145.713,145.64700000000002,0.12,0.12
13.11.2023 06:38:22.528 GMT-0800,145.69299999999998,145.627,0.12,0.12
13.11.2023 06:38:22.971 GMT-0800,145.66299999999998,145.627,0.0009,0.09
13.11.2023 06:38:23.022 GMT-0800,145.684,145.606,0.12,0.12
13.11.2023 06:38:23.073 GMT-0800,145.674,145.606,0.0009,0.12
13.11.2023 06:38:24.439 GMT-0800,145.633,145.607,0.0009,0.09
13.11.2023 06:38:24.489 GMT-0800,145.654,145.606,0.0009,0.09
13.11.2023 06:38:24.628 GMT-0800,145.654,145.566,0.12,0.12
13.11.2023 06:38:27.036 GMT-0800,145.674,145.586,0.12,0.0009
13.11.2023 06:38:27.098 GMT-0800,145.674,145.586,0.12,0.12
13.11.2023 06:38:28.185 GMT-0800,145.69299999999998,145.58700000000002,0.12,0.12
13.11.2023 06:38:28.364 GMT-0800,145.694,145.606,0.12,0.0009
13.11.2023 06:38:28.414 GMT-0800,145.694,145.586,0.12,0.12
13.11.2023 06:38:28.885 GMT-0800,145.684,145.64600000000002,0.0009,0.0009
13.11.2023 06:38:28.936 GMT-0800,145.713,145.64700000000002,0.12,0.12
13.11.2023 06:38:29.037 GMT-0800,145.714,145.636,0.12,0.12
13.11.2023 06:38:29.403 GMT-0800,145.714,145.666,0.12,0.0009
13.11.2023 06:38:29.532 GMT-0800,145.69299999999998,145.667,0.0009,0.09
13.11.2023 06:38:29.583 GMT-0800,145.714,145.666,0.12,0.09
13.11.2023 06:38:29.634 GMT-0800,145.714,145.636,0.12,0.12
13.11.2023 06:38:29.684 GMT-0800,145.714,145.64600000000002,0.12,0.12
13.11.2023 06:38:31.100 GMT-0800,145.713,145.637,0.12,0.12
13.11.2023 06:38:32.960 GMT-0800,145.714,145.656,0.12,0.0009
13.11.2023 06:38:33.137 GMT-0800,145.694,145.64600000000002,0.12,0.12
13.11.2023 06:38:33.256 GMT-0800,145.69299999999998,145.667,0.12,0.0009
13.11.2023 06:38:33.447 GMT-0800,145.714,145.666,0.12,0.12
13.11.2023 06:38:33.700 GMT-0800,145.72299999999998,145.667,0.12,0.12
13.11.2023 06:38:33.751 GMT-0800,145.733,145.667,0.12,0.12
13.11.2023 06:38:34.153 GMT-0800,145.734,145.67600000000002,0.12,0.0009
13.11.2023 06:38:34.306 GMT-0800,145.734,145.656,0.12,0.12
13.11.2023 06:38:36.161 GMT-0800,145.733,145.64700000000002,0.12,0.12
13.11.2023 06:38:36.217 GMT-0800,145.734,145.656,0.12,0.0009
13.11.2023 06:38:36.318 GMT-0800,145.733,145.67700000000002,0.12,0.0009
13.11.2023 06:38:39.612 GMT-0800,145.773,145.70700000000002,0.12,0.0009
13.11.2023 06:38:39.663 GMT-0800,145.754,145.70600000000002,0.12,0.12
13.11.2023 06:38:39.830 GMT-0800,145.753,145.717,0.12,0.0009
13.11.2023 06:38:39.983 GMT-0800,145.773,145.717,0.12,0.12
13.11.2023 06:38:40.184 GMT-0800,145.763,145.717,0.0009,0.12
13.11.2023 06:38:40.235 GMT-0800,145.773,145.717,0.12,0.12
13.11.2023 06:38:41.116 GMT-0800,145.774,145.726,0.12,0.0009
13.11.2023 06:38:41.217 GMT-0800,145.763,145.727,0.0009,0.09
13.11.2023 06:38:41.268 GMT-0800,145.773,145.717,0.12,0.12
13.11.2023 06:38:41.638 GMT-0800,145.753,145.717,0.0009,0.09
13.11.2023 06:38:41.688 GMT-0800,145.754,145.70600000000002,0.12,0.12
13.11.2023 06:38:41.789 GMT-0800,145.773,145.70700000000002,0.12,0.12
13.11.2023 06:38:41.840 GMT-0800,145.774,145.726,0.12,0.09
13.11.2023 06:38:43.970 GMT-0800,145.753,145.727,0.0009,0.09
13.11.2023 06:38:44.197 GMT-0800,145.724,145.70600000000002,0.0009,0.12
13.11.2023 06:38:44.248 GMT-0800,145.713,145.67700000000002,0.12,0.12
13.11.2023 06:38:45.560 GMT-0800,145.753,145.687,0.12,0.0009
13.11.2023 06:38:45.611 GMT-0800,145.754,145.686,0.12,0.12
13.11.2023 06:38:45.774 GMT-0800,145.753,145.70700000000002,0.12,0.0009
13.11.2023 06:38:46.133 GMT-0800,145.774,145.70600000000002,0.12,0.12
13.11.2023 06:38:46.642 GMT-0800,145.774,145.67600000000002,0.12,0.12
13.11.2023 06:38:50.777 GMT-0800,145.773,145.70700000000002,0.12,0.0009
13.11.2023 06:38:53.517 GMT-0800,145.774,145.696,0.12,0.12
13.11.2023 06:38:54.638 GMT-0800,145.774,145.716,0.12,0.0009
13.11.2023 06:38:54.739 GMT-0800,145.783,145.717,0.12,0.12
13.11.2023 06:38:54.978 GMT-0800,145.773,145.717,0.0009,0.12
13.11.2023 06:38:55.029 GMT-0800,145.783,145.717,0.12,0.12
13.11.2023 06:38:55.141 GMT-0800,145.774,145.716,0.0009,0.12
13.11.2023 06:38:55.339 GMT-0800,145.783,145.717,0.12,0.12
13.11.2023 06:38:55.560 GMT-0800,145.773,145.717,0.0009,0.12
13.11.2023 06:38:55.956 GMT-0800,145.784,145.716,0.12,0.12
13.11.2023 06:38:57.593 GMT-0800,145.774,145.716,0.0009,0.12
13.11.2023 06:38:58.063 GMT-0800,145.784,145.716,0.12,0.12
13.11.2023 06:38:58.319 GMT-0800,145.784,145.73600000000002,0.12,0.0009
13.11.2023 06:38:58.420 GMT-0800,145.773,145.73700000000002,0.0009,0.09
13.11.2023 06:38:58.471 GMT-0800,145.773,145.727,0.12,0.12
13.11.2023 06:38:58.801 GMT-0800,145.773,145.717,0.12,0.12
13.11.2023 06:38:59.075 GMT-0800,145.774,145.696,0.12,0.12
13.11.2023 06:39:00.142 GMT-0800,145.783,145.697,0.12,0.12
13.11.2023 06:39:00.193 GMT-0800,145.773,145.727,0.0009,0.0009
13.11.2023 06:39:00.788 GMT-0800,145.744,145.726,0.0009,0.09
13.11.2023 06:39:00.847 GMT-0800,145.743,145.697,0.12,0.12
13.11.2023 06:39:00.971 GMT-0800,145.743,145.67700000000002,0.12,0.12
13.11.2023 06:39:01.022 GMT-0800,145.774,145.696,0.12,0.12
13.11.2023 06:39:01.072 GMT-0800,145.744,145.696,0.0009,0.12
13.11.2023 06:39:01.455 GMT-0800,145.733,145.697,0.0009,0.09
13.11.2023 06:39:01.505 GMT-0800,145.733,145.657,0.12,0.12
13.11.2023 06:39:01.751 GMT-0800,145.714,145.656,0.12,0.12
13.11.2023 06:39:01.894 GMT-0800,145.734,145.656,0.12,0.12
13.11.2023 06:39:01.945 GMT-0800,145.734,145.636,0.12,0.12
13.11.2023 06:39:02.014 GMT-0800,145.714,145.636,0.0009,0.12
13.11.2023 06:39:02.115 GMT-0800,145.734,145.636,0.12,0.12
13.11.2023 06:39:02.216 GMT-0800,145.713,145.637,0.0009,0.12
13.11.2023 06:39:02.317 GMT-0800,145.734,145.636,0.12,0.12
13.11.2023 06:39:03.912 GMT-0800,145.753,145.67700000000002,0.12,0.0009
13.11.2023 06:39:03.963 GMT-0800,145.754,145.67600000000002,0.12,0.12
13.11.2023 06:39:04.065 GMT-0800,145.754,145.656,0.12,0.12
13.11.2023 06:39:05.729 GMT-0800,145.753,145.67700000000002,0.12,0.0009
13.11.2023 06:39:05.780 GMT-0800,145.753,145.657,0.12,0.12
13.11.2023 06:39:06.079 GMT-0800,145.733,145.67700000000002,0.0009,0.0009
13.11.2023 06:39:06.130 GMT-0800,145.734,145.656,0.12,0.12
13.11.2023 06:39:06.181 GMT-0800,145.724,145.656,0.0009,0.12
13.11.2023 06:39:06.365 GMT-0800,145.734,145.656,0.12,0.12
13.11.2023 06:39:06.416 GMT-0800,145.724,145.656,0.12,0.12
13.11.2023 06:39:06.698 GMT-0800,145.734,145.656,0.12,0.12
13.11.2023 06:39:06.749 GMT-0800,145.734,145.656,0.12,0.12
13.11.2023 06:39:07.049 GMT-0800,145.734,145.636,0.12,0.12
13.11.2023 06:39:07.143 GMT-0800,145.713,145.637,0.0009,0.12
13.11.2023 06:39:07.536 GMT-0800,145.734,145.636,0.12,0.12
13.11.2023 06:39:07.586 GMT-0800,145.714,145.636,0.12,0.12
13.11.2023 06:39:07.750 GMT-0800,145.713,145.667,0.12,0.0009
13.11.2023 06:39:07.800 GMT-0800,145.713,145.657,0.12,0.12
13.11.2023 06:39:08.029 GMT-0800,145.733,145.667,0.12,0.0009
13.11.2023 06:39:08.080 GMT-0800,145.733,145.657,0.12,0.12
13.11.2023 06:39:08.266 GMT-0800,145.714,145.656,0.0009,0.12
13.11.2023 06:39:09.067 GMT-0800,145.734,145.656,0.12,0.12
13.11.2023 06:39:09.118 GMT-0800,145.713,145.637,0.12,0.12
13.11.2023 06:39:09.169 GMT-0800,145.733,145.637,0.12,0.12
13.11.2023 06:39:09.219 GMT-0800,145.734,145.656,0.12,0.0009
13.11.2023 06:39:09.321 GMT-0800,145.724,145.656,0.12,0.12
13.11.2023 06:39:09.570 GMT-0800,145.714,145.656,0.0009,0.12
13.11.2023 06:39:09.734 GMT-0800,145.733,145.657,0.12,0.12
13.11.2023 06:39:10.807 GMT-0800,145.733,145.667,0.12,0.0009
13.11.2023 06:39:10.944 GMT-0800,145.724,145.67600000000002,0.0009,0.09
13.11.2023 06:39:10.995 GMT-0800,145.72299999999998,145.667,0.12,0.12
13.11.2023 06:39:11.177 GMT-0800,145.713,145.667,0.12,0.12
13.11.2023 06:39:11.363 GMT-0800,145.734,145.666,0.12,0.12
13.11.2023 06:39:11.434 GMT-0800,145.733,145.67700000000002,0.12,0.0009
13.11.2023 06:39:11.723 GMT-0800,145.734,145.686,0.12,0.12
13.11.2023 06:39:11.945 GMT-0800,145.733,145.67700000000002,0.12,0.12
13.11.2023 06:39:12.069 GMT-0800,145.733,145.687,0.12,0.0009
13.11.2023 06:39:12.120 GMT-0800,145.734,145.67600000000002,0.12,0.12
13.11.2023 06:39:12.969 GMT-0800,145.753,145.687,0.12,0.0009
13.11.2023 06:39:13.020 GMT-0800,145.774,145.696,0.12,0.12
13.11.2023 06:39:13.722 GMT-0800,145.753,145.717,0.12,0.12
13.11.2023 06:39:13.772 GMT-0800,145.774,145.716,0.12,0.12
13.11.2023 06:39:14.281 GMT-0800,145.784,145.716,0.12,0.12
13.11.2023 06:39:14.348 GMT-0800,145.774,145.726,0.0009,0.0009
13.11.2023 06:39:14.503 GMT-0800,145.773,145.717,0.12,0.09
13.11.2023 06:39:14.554 GMT-0800,145.773,145.697,0.12,0.12
