Local time,Ask,Bid,AskVolume,BidVolume
13.11.2023 06:30:00.282 GMT-0800,10.232000000000001,9.998,0.0132,0.0132
13.11.2023 06:30:00.735 GMT-0800,10.232000000000001,10.008,0.0132,0.0009
13.11.2023 06:30:00.887 GMT-0800,10.232000000000001,9.998,0.0132,0.0132
13.11.2023 06:30:01.811 GMT-0800,10.222000000000001,10.008,0.0009,0.0009
13.11.2023 06:30:02.175 GMT-0800,10.222000000000001,10.128,0.0132,0.0009
13.11.2023 06:30:02.388 GMT-0800,10.192,10.128,0.0009,0.0009
13.11.2023 06:30:02.562 GMT-0800,10.192,10.118,0.0009,0.0009
13.11.2023 06:30:02.613 GMT-0800,10.162,10.118,0.0009,0.0009
13.11.2023 06:30:02.721 GMT-0800,10.132000000000001,10.118,0.0009,0.0009
13.11.2023 06:30:02.772 GMT-0800,10.112,10.078,0.0009,0.0009
13.11.2023 06:30:02.823 GMT-0800,10.122,10.078,0.0009,0.0009
13.11.2023 06:30:02.873 GMT-0800,10.132000000000001,10.088,0.0009,0.0009
13.11.2023 06:30:02.974 GMT-0800,10.122,10.088,0.0009,0.009
13.11.2023 06:30:03.285 GMT-0800,10.112,10.088,0.0009,0.009
13.11.2023 06:30:03.391 GMT-0800,10.112,10.068,0.0132,0.0132
13.11.2023 06:30:03.556 GMT-0800,10.112,10.058,0.0132,0.0132
13.11.2023 06:30:03.607 GMT-0800,10.112,10.068,0.0132,0.0009
13.11.2023 06:30:04.478 GMT-0800,10.122,10.068,0.0132,0.0132
13.11.2023 06:30:04.528 GMT-0800,10.112,10.068,0.0009,0.0132
13.11.2023 06:30:04.579 GMT-0800,10.122,10.068,0.0132,0.0132
13.11.2023 06:30:04.676 GMT-0800,10.112,10.068,0.0009,0.0132
13.11.2023 06:30:05.134 GMT-0800,10.092,10.068,0.0009,0.009
13.11.2023 06:30:05.185 GMT-0800,10.092,10.058,0.0132,0.0132
13.11.2023 06:30:05.293 GMT-0800,10.092,10.048,0.0132,0.0132
13.11.2023 06:30:05.770 GMT-0800,10.102,10.048,0.0132,0.0132
13.11.2023 06:30:06.353 GMT-0800,10.082,10.048,0.0009,0.0132
13.11.2023 06:30:06.500 GMT-0800,10.082,10.038,0.0132,0.0132
13.11.2023 06:30:06.551 GMT-0800,10.082,10.048,0.009,0.0009
13.11.2023 06:30:06.681 GMT-0800,10.082,10.068,0.009,0.0009
13.11.2023 06:30:06.731 GMT-0800,10.082,10.058,0.009,0.0009
13.11.2023 06:30:06.782 GMT-0800,10.102,10.068,0.0132,0.0132
13.11.2023 06:30:07.749 GMT-0800,10.102,10.078,0.009,0.0009
13.11.2023 06:30:07.800 GMT-0800,10.112,10.078,0.0132,0.0132
13.11.2023 06:30:08.193 GMT-0800,10.122,10.078,0.0132,0.009
13.11.2023 06:30:08.244 GMT-0800,10.122,10.068,0.0132,0.0132
13.11.2023 06:30:09.092 GMT-0800,10.122,10.078,0.0132,0.0009
13.11.2023 06:30:10.610 GMT-0800,10.132000000000001,10.078,0.0132,0.0132
13.11.2023 06:30:10.919 GMT-0800,10.102,10.078,0.0009,0.0132
13.11.2023 06:30:10.970 GMT-0800,10.122,10.078,0.0132,0.0132
13.11.2023 06:30:11.026 GMT-0800,10.102,10.078,0.0009,0.009
13.11.2023 06:30:11.076 GMT-0800,10.102,10.058,0.0132,0.0132
13.11.2023 06:30:12.400 GMT-0800,10.112,10.058,0.0132,0.0132
13.11.2023 06:30:13.846 GMT-0800,10.112,10.068,0.0132,0.0009
13.11.2023 06:30:14.970 GMT-0800,10.112,10.058,0.0132,0.0132
13.11.2023 06:30:15.132 GMT-0800,10.102,10.068,0.0009,0.0009
13.11.2023 06:30:19.291 GMT-0800,10.092,10.058,0.0132,0.0132
13.11.2023 06:30:19.960 GMT-0800,10.092,10.068,0.0132,0.0009
13.11.2023 06:30:20.085 GMT-0800,10.082,10.068,0.0009,0.009
13.11.2023 06:30:20.136 GMT-0800,10.092,10.058,0.0132,0.0132
13.11.2023 06:30:21.064 GMT-0800,10.102,10.058,0.0132,0.0132
13.11.2023 06:30:21.385 GMT-0800,10.092,10.058,0.0009,0.0132
13.11.2023 06:30:22.516 GMT-0800,10.102,10.058,0.0132,0.0132
13.11.2023 06:30:22.822 GMT-0800,10.092,10.058,0.0009,0.0132
13.11.2023 06:30:24.672 GMT-0800,10.092,10.068,0.009,0.0009
13.11.2023 06:30:24.723 GMT-0800,10.102,10.068,0.0132,0.0132
13.11.2023 06:30:29.039 GMT-0800,10.092,10.068,0.0009,0.0132
13.11.2023 06:30:30.084 GMT-0800,10.092,10.058,0.0132,0.0132
13.11.2023 06:30:30.724 GMT-0800,10.103,10.097999999999999,0.0009,0.009
13.11.2023 06:30:30.774 GMT-0800,10.152000000000001,10.118,0.0132,0.0132
13.11.2023 06:30:30.825 GMT-0800,10.152000000000001,10.128,0.0132,0.009
13.11.2023 06:30:30.876 GMT-0800,10.172,10.128,0.0132,0.0132
13.11.2023 06:30:30.927 GMT-0800,10.142000000000001,10.118,0.0132,0.0132
13.11.2023 06:30:31.028 GMT-0800,10.152000000000001,10.128,0.0132,0.0132
13.11.2023 06:30:31.267 GMT-0800,10.152000000000001,10.118,0.0132,0.0132
13.11.2023 06:30:31.519 GMT-0800,10.162,10.118,0.0132,0.0132
13.11.2023 06:30:31.576 GMT-0800,10.162,10.128,0.009,0.0009
13.11.2023 06:30:31.683 GMT-0800,10.172,10.138,0.0132,0.0132
13.11.2023 06:30:31.912 GMT-0800,10.182,10.138,0.0132,0.0132
13.11.2023 06:30:32.668 GMT-0800,10.172,10.138,0.0009,0.0132
13.11.2023 06:30:32.853 GMT-0800,10.182,10.138,0.0132,0.0132
13.11.2023 06:30:32.934 GMT-0800,10.162,10.138,0.0009,0.0132
13.11.2023 06:30:32.984 GMT-0800,10.162,10.128,0.0132,0.0132
13.11.2023 06:30:33.244 GMT-0800,10.152000000000001,10.128,0.0009,0.0132
13.11.2023 06:30:33.346 GMT-0800,10.142000000000001,10.097999999999999,0.0132,0.0132
13.11.2023 06:30:33.396 GMT-0800,10.132000000000001,10.108,0.0132,0.0132
13.11.2023 06:30:33.447 GMT-0800,10.132000000000001,10.097999999999999,0.0132,0.0132
13.11.2023 06:30:33.570 GMT-0800,10.132000000000001,10.108,0.0132,0.0009
13.11.2023 06:30:34.432 GMT-0800,10.122,10.108,0.0009,0.009
13.11.2023 06:30:34.483 GMT-0800,10.142000000000001,10.108,0.0132,0.0132
13.11.2023 06:30:34.614 GMT-0800,10.152000000000001,10.118,0.0132,0.0132
13.11.2023 06:30:35.321 GMT-0800,10.142000000000001,10.108,0.0132,0.0132
13.11.2023 06:30:35.434 GMT-0800,10.132000000000001,10.097999999999999,0.0132,0.0132
13.11.2023 06:30:35.575 GMT-0800,10.132000000000001,10.108,0.0132,0.0009
13.11.2023 06:30:35.967 GMT-0800,10.122,10.108,0.0009,0.009
13.11.2023 06:30:36.018 GMT-0800,10.122,10.078,0.0132,0.0132
13.11.2023 06:30:36.316 GMT-0800,10.122,10.088,0.0132,0.0009
13.11.2023 06:30:36.572 GMT-0800,10.122,10.097999999999999,0.0132,0.0009
13.11.2023 06:30:36.674 GMT-0800,10.132000000000001,10.097999999999999,0.0132,0.0132
13.11.2023 06:30:37.597 GMT-0800,10.132000000000001,10.108,0.009,0.0009
13.11.2023 06:30:37.648 GMT-0800,10.142000000000001,10.108,0.0132,0.0132
13.11.2023 06:30:37.900 GMT-0800,10.112,10.088,0.0132,0.0132
13.11.2023 06:30:38.074 GMT-0800,10.102,10.088,0.0009,0.009
13.11.2023 06:30:38.125 GMT-0800,10.102,10.068,0.0132,0.0132
13.11.2023 06:30:42.187 GMT-0800,10.102,10.078,0.0132,0.0009
13.11.2023 06:30:42.310 GMT-0800,10.102,10.088,0.0132,0.0009
13.11.2023 06:30:43.118 GMT-0800,10.092,10.085,0.0009,0.009
13.11.2023 06:30:43.169 GMT-0800,10.092,10.058,0.0132,0.0132
13.11.2023 06:30:43.789 GMT-0800,10.092,10.068,0.0132,0.0132
13.11.2023 06:30:43.890 GMT-0800,10.102,10.058,0.0132,0.0132
13.11.2023 06:30:44.183 GMT-0800,10.092,10.058,0.009,0.0132
13.11.2023 06:30:45.247 GMT-0800,10.092,10.068,0.0009,0.009
13.11.2023 06:30:45.298 GMT-0800,10.102,10.058,0.0132,0.0132
13.11.2023 06:30:45.389 GMT-0800,10.092,10.058,0.0009,0.0132
13.11.2023 06:30:45.490 GMT-0800,10.102,10.058,0.0132,0.0132
13.11.2023 06:30:47.220 GMT-0800,10.092,10.058,0.0009,0.0132
13.11.2023 06:30:47.271 GMT-0800,10.102,10.058,0.0132,0.0132
13.11.2023 06:30:48.175 GMT-0800,10.102,10.078,0.0132,0.0009
13.11.2023 06:30:48.276 GMT-0800,10.092,10.078,0.0009,0.009
13.11.2023 06:30:48.327 GMT-0800,10.092,10.068,0.0132,0.0132
13.11.2023 06:30:48.946 GMT-0800,10.092,10.058,0.0132,0.0132
13.11.2023 06:30:49.152 GMT-0800,10.092,10.068,0.0132,0.0009
13.11.2023 06:30:49.254 GMT-0800,10.102,10.068,0.0132,0.0132
13.11.2023 06:30:49.546 GMT-0800,10.092,10.068,0.0009,0.0132
13.11.2023 06:30:49.596 GMT-0800,10.102,10.068,0.0132,0.0132
13.11.2023 06:30:49.647 GMT-0800,10.092,10.058,0.0132,0.0132
13.11.2023 06:30:49.855 GMT-0800,10.092,10.068,0.009,0.0009
13.11.2023 06:30:49.906 GMT-0800,10.102,10.068,0.0132,0.0132
13.11.2023 06:30:49.966 GMT-0800,10.092,10.068,0.0009,0.0132
13.11.2023 06:30:50.016 GMT-0800,10.102,10.068,0.0132,0.0132
13.11.2023 06:30:50.124 GMT-0800,10.092,10.068,0.0009,0.0132
13.11.2023 06:30:50.174 GMT-0800,10.102,10.068,0.0132,0.009
13.11.2023 06:30:50.225 GMT-0800,10.102,10.058,0.0132,0.0132
13.11.2023 06:30:50.276 GMT-0800,10.092,10.058,0.0132,0.0132
13.11.2023 06:30:50.512 GMT-0800,10.092,10.068,0.0132,0.0009
13.11.2023 06:30:50.613 GMT-0800,10.102,10.058,0.0132,0.0132
13.11.2023 06:30:50.664 GMT-0800,10.092,10.058,0.0009,0.0132
13.11.2023 06:30:52.217 GMT-0800,10.092,10.068,0.009,0.0009
13.11.2023 06:30:52.269 GMT-0800,10.102,10.068,0.0132,0.0132
13.11.2023 06:30:52.319 GMT-0800,10.092,10.068,0.0009,0.009
13.11.2023 06:30:52.370 GMT-0800,10.092,10.058,0.0132,0.0132
13.11.2023 06:30:52.718 GMT-0800,10.092,10.068,0.009,0.0009
13.11.2023 06:30:52.823 GMT-0800,10.102,10.068,0.0132,0.0132
13.11.2023 06:30:52.873 GMT-0800,10.092,10.058,0.0132,0.0132
13.11.2023 06:30:53.481 GMT-0800,10.092,10.068,0.0132,0.0009
13.11.2023 06:30:53.992 GMT-0800,10.102,10.068,0.0132,0.0132
13.11.2023 06:30:54.271 GMT-0800,10.102,10.058,0.0132,0.0132
13.11.2023 06:30:54.753 GMT-0800,10.092,10.058,0.0009,0.009
13.11.2023 06:30:54.804 GMT-0800,10.092,10.048,0.0132,0.0132
13.11.2023 06:30:55.404 GMT-0800,10.092,10.058,0.0132,0.0009
13.11.2023 06:30:55.734 GMT-0800,10.092,10.048,0.0132,0.0132
13.11.2023 06:30:55.836 GMT-0800,10.092,10.068,0.009,0.0009
13.11.2023 06:30:55.886 GMT-0800,10.102,10.068,0.0132,0.0132
13.11.2023 06:30:56.045 GMT-0800,10.102,10.058,0.0132,0.0132
13.11.2023 06:30:56.344 GMT-0800,10.092,10.058,0.0009,0.0132
13.11.2023 06:30:57.469 GMT-0800,10.102,10.068,0.0132,0.009
13.11.2023 06:30:57.519 GMT-0800,10.102,10.058,0.0132,0.0132
13.11.2023 06:30:58.565 GMT-0800,10.092,10.058,0.0009,0.009
13.11.2023 06:30:58.616 GMT-0800,10.092,10.048,0.0132,0.0132
13.11.2023 06:30:59.648 GMT-0800,10.082,10.048,0.0009,0.0132
13.11.2023 06:30:59.749 GMT-0800,10.092,10.068,0.0132,0.0009
13.11.2023 06:30:59.799 GMT-0800,10.092,10.058,0.0132,0.0009
13.11.2023 06:30:59.855 GMT-0800,10.092,10.068,0.0132,0.0132
13.11.2023 06:31:00.876 GMT-0800,10.102,10.068,0.0132,0.0132
13.11.2023 06:31:02.621 GMT-0800,10.102,10.088,0.0132,0.0009
13.11.2023 06:31:02.782 GMT-0800,10.112,10.088,0.0132,0.0132
13.11.2023 06:31:05.402 GMT-0800,10.092,10.087000000000002,0.0009,0.009
13.11.2023 06:31:05.452 GMT-0800,10.092,10.058,0.0132,0.0132
13.11.2023 06:31:05.605 GMT-0800,10.092,10.068,0.0132,0.0009
13.11.2023 06:31:07.362 GMT-0800,10.092,10.078,0.0132,0.0132
13.11.2023 06:31:07.676 GMT-0800,10.092,10.068,0.0132,0.0132
13.11.2023 06:31:07.794 GMT-0800,10.082,10.068,0.0009,0.009
13.11.2023 06:31:07.845 GMT-0800,10.092,10.068,0.0132,0.009
13.11.2023 06:31:08.004 GMT-0800,10.092,10.058,0.0132,0.0132
13.11.2023 06:31:09.341 GMT-0800,10.092,10.068,0.0132,0.0009
13.11.2023 06:31:09.633 GMT-0800,10.092,10.058,0.0132,0.0132
13.11.2023 06:31:10.048 GMT-0800,10.082,10.058,0.0009,0.0132
13.11.2023 06:31:10.762 GMT-0800,10.082,10.048,0.0132,0.0132
13.11.2023 06:31:11.719 GMT-0800,10.082,10.058,0.009,0.0009
13.11.2023 06:31:11.770 GMT-0800,10.092,10.058,0.0132,0.0132
13.11.2023 06:31:12.059 GMT-0800,10.082,10.058,0.0009,0.009
13.11.2023 06:31:12.110 GMT-0800,10.082,10.048,0.0132,0.0132
13.11.2023 06:31:12.278 GMT-0800,10.072000000000001,10.048,0.0009,0.009
13.11.2023 06:31:12.331 GMT-0800,10.072000000000001,10.038,0.0132,0.0132
13.11.2023 06:31:12.570 GMT-0800,10.072000000000001,10.048,0.0132,0.0009
13.11.2023 06:31:12.621 GMT-0800,10.072000000000001,10.038,0.0132,0.0132
13.11.2023 06:31:13.717 GMT-0800,10.072000000000001,10.048,0.0132,0.0009
13.11.2023 06:31:13.767 GMT-0800,10.082,10.048,0.0132,0.0132
13.11.2023 06:31:15.289 GMT-0800,10.082,10.058,0.009,0.0009
13.11.2023 06:31:15.340 GMT-0800,10.092,10.058,0.0132,0.0132
13.11.2023 06:31:16.757 GMT-0800,10.092,10.068,0.009,0.0009
13.11.2023 06:31:16.807 GMT-0800,10.102,10.068,0.0132,0.0132
13.11.2023 06:31:20.568 GMT-0800,10.092,10.068,0.0009,0.009
13.11.2023 06:31:20.619 GMT-0800,10.092,10.058,0.0132,0.009
13.11.2023 06:31:20.670 GMT-0800,10.082,10.048,0.0132,0.0132
13.11.2023 06:31:20.983 GMT-0800,10.082,10.058,0.009,0.0009
13.11.2023 06:31:21.033 GMT-0800,10.092,10.058,0.0132,0.0132
13.11.2023 06:31:21.732 GMT-0800,10.082,10.048,0.0132,0.0132
13.11.2023 06:31:21.859 GMT-0800,10.092,10.058,0.0132,0.0132
13.11.2023 06:31:23.709 GMT-0800,10.082,10.048,0.0132,0.0132
13.11.2023 06:31:23.975 GMT-0800,10.082,10.058,0.0132,0.0009
13.11.2023 06:31:24.113 GMT-0800,10.082,10.048,0.0132,0.0132
13.11.2023 06:31:26.320 GMT-0800,10.072000000000001,10.048,0.0009,0.009
13.11.2023 06:31:26.370 GMT-0800,10.072000000000001,10.038,0.0132,0.0132
13.11.2023 06:31:27.171 GMT-0800,10.082,10.038,0.0132,0.0132
13.11.2023 06:31:27.222 GMT-0800,10.082,10.048,0.0132,0.0132
13.11.2023 06:31:27.974 GMT-0800,10.072000000000001,10.048,0.0009,0.009
13.11.2023 06:31:28.025 GMT-0800,10.072000000000001,10.038,0.0132,0.0132
13.11.2023 06:31:28.829 GMT-0800,10.062000000000001,10.038,0.0009,0.0132
13.11.2023 06:31:29.083 GMT-0800,10.072000000000001,10.038,0.0132,0.0132
13.11.2023 06:31:31.357 GMT-0800,10.043,10.038,0.0009,0.009
13.11.2023 06:31:31.408 GMT-0800,10.062000000000001,10.028,0.0132,0.0132
13.11.2023 06:31:31.459 GMT-0800,10.062000000000001,10.038,0.0132,0.0132
13.11.2023 06:31:31.822 GMT-0800,10.052000000000001,10.047,0.0009,0.009
13.11.2023 06:31:31.873 GMT-0800,10.062000000000001,10.038,0.0009,0.0132
13.11.2023 06:31:32.421 GMT-0800,10.062000000000001,10.028,0.0132,0.0132
13.11.2023 06:31:32.472 GMT-0800,10.062000000000001,10.038,0.0132,0.0132
13.11.2023 06:31:32.885 GMT-0800,10.062000000000001,10.028,0.0132,0.0132
13.11.2023 06:31:33.214 GMT-0800,10.052000000000001,10.028,0.0009,0.0132
13.11.2023 06:31:33.315 GMT-0800,10.062000000000001,10.038,0.0132,0.0132
13.11.2023 06:31:33.812 GMT-0800,10.072000000000001,10.038,0.0132,0.0132
13.11.2023 06:31:35.300 GMT-0800,10.072000000000001,10.048,0.0132,0.0009
13.11.2023 06:31:36.186 GMT-0800,10.072000000000001,10.038,0.0132,0.0132
13.11.2023 06:31:36.237 GMT-0800,10.072000000000001,10.048,0.0132,0.0009
13.11.2023 06:31:36.338 GMT-0800,10.082,10.048,0.0132,0.0132
13.11.2023 06:31:36.439 GMT-0800,10.072000000000001,10.048,0.0009,0.0132
13.11.2023 06:31:36.490 GMT-0800,10.142000000000001,10.118,0.0132,0.0132
13.11.2023 06:31:36.541 GMT-0800,10.162,10.128,0.0132,0.0009
13.11.2023 06:31:36.592 GMT-0800,10.172,10.148,0.0009,0.009
13.11.2023 06:31:36.643 GMT-0800,10.202,10.177999999999999,0.009,0.0009
13.11.2023 06:31:36.693 GMT-0800,10.222000000000001,10.188,0.0009,0.0132
13.11.2023 06:31:36.744 GMT-0800,10.242,10.198,0.0009,0.0009
13.11.2023 06:31:36.795 GMT-0800,10.272,10.238,0.0132,0.009
13.11.2023 06:31:36.896 GMT-0800,10.362,10.308,0.0132,0.0132
13.11.2023 06:31:36.947 GMT-0800,10.352,10.288,0.0132,0.0132
13.11.2023 06:31:36.997 GMT-0800,10.352,10.298,0.0132,0.0132
13.11.2023 06:31:37.099 GMT-0800,10.342,10.298,0.0132,0.0132
13.11.2023 06:31:37.720 GMT-0800,10.282,10.238,0.0132,0.0132
13.11.2023 06:31:37.821 GMT-0800,10.272,10.228,0.0132,0.0132
13.11.2023 06:31:38.309 GMT-0800,10.252,10.228,0.0009,0.0132
13.11.2023 06:31:38.360 GMT-0800,10.252,10.218,0.0132,0.009
13.11.2023 06:31:38.660 GMT-0800,10.252,10.208,0.0132,0.0132
13.11.2023 06:31:38.811 GMT-0800,10.252,10.228,0.009,0.0009
13.11.2023 06:31:38.913 GMT-0800,10.272,10.248,0.0132,0.0132
13.11.2023 06:31:38.963 GMT-0800,10.282,10.248,0.0132,0.0132
13.11.2023 06:31:39.014 GMT-0800,10.272,10.248,0.0009,0.009
13.11.2023 06:31:39.065 GMT-0800,10.272,10.228,0.0132,0.0132
13.11.2023 06:31:39.640 GMT-0800,10.272,10.238,0.0132,0.0009
13.11.2023 06:31:39.791 GMT-0800,10.272,10.228,0.0132,0.0132
13.11.2023 06:31:39.842 GMT-0800,10.272,10.238,0.0132,0.0132
13.11.2023 06:31:40.204 GMT-0800,10.252,10.238,0.0009,0.009
13.11.2023 06:31:40.255 GMT-0800,10.262,10.228,0.0132,0.0132
13.11.2023 06:31:40.305 GMT-0800,10.252,10.218,0.0132,0.0132
13.11.2023 06:31:40.846 GMT-0800,10.222000000000001,10.208,0.0009,0.009
13.11.2023 06:31:40.897 GMT-0800,10.212000000000002,10.188,0.009,0.0009
13.11.2023 06:31:41.568 GMT-0800,10.222000000000001,10.188,0.0132,0.009
13.11.2023 06:31:41.619 GMT-0800,10.212000000000002,10.177999999999999,0.0132,0.0132
13.11.2023 06:31:42.053 GMT-0800,10.202,10.177999999999999,0.0009,0.009
13.11.2023 06:31:42.155 GMT-0800,10.192,10.158,0.0132,0.0132
13.11.2023 06:31:42.208 GMT-0800,10.192,10.168,0.0132,0.0009
13.11.2023 06:31:42.420 GMT-0800,10.192,10.158,0.0132,0.0132
13.11.2023 06:31:42.637 GMT-0800,10.182,10.158,0.0132,0.0009
13.11.2023 06:31:43.265 GMT-0800,10.172,10.158,0.0009,0.009
13.11.2023 06:31:43.316 GMT-0800,10.162,10.128,0.0132,0.0132
13.11.2023 06:31:43.426 GMT-0800,10.152000000000001,10.128,0.0009,0.009
13.11.2023 06:31:43.527 GMT-0800,10.172,10.138,0.0132,0.0132
13.11.2023 06:31:44.445 GMT-0800,10.152000000000001,10.138,0.0009,0.009
13.11.2023 06:31:44.496 GMT-0800,10.152000000000001,10.118,0.0132,0.0132
13.11.2023 06:31:44.546 GMT-0800,10.152000000000001,10.128,0.0132,0.0132
13.11.2023 06:31:46.108 GMT-0800,10.162,10.128,0.0132,0.0132
13.11.2023 06:31:46.533 GMT-0800,10.152000000000001,10.128,0.0009,0.009
13.11.2023 06:31:46.584 GMT-0800,10.152000000000001,10.118,0.0132,0.0132
13.11.2023 06:31:47.350 GMT-0800,10.152000000000001,10.128,0.0132,0.0132
13.11.2023 06:31:48.055 GMT-0800,10.142000000000001,10.128,0.0009,0.009
13.11.2023 06:31:48.109 GMT-0800,10.142000000000001,10.118,0.0132,0.0132
13.11.2023 06:31:48.160 GMT-0800,10.152000000000001,10.118,0.0132,0.0132
13.11.2023 06:31:48.280 GMT-0800,10.142000000000001,10.118,0.0009,0.0132
13.11.2023 06:31:48.331 GMT-0800,10.142000000000001,10.108,0.0132,0.0132
13.11.2023 06:31:48.382 GMT-0800,10.142000000000001,10.118,0.0132,0.0009
13.11.2023 06:31:48.432 GMT-0800,10.142000000000001,10.108,0.0132,0.0132
13.11.2023 06:31:48.485 GMT-0800,10.142000000000001,10.118,0.0132,0.0009
13.11.2023 06:31:48.586 GMT-0800,10.152000000000001,10.118,0.0132,0.0132
13.11.2023 06:31:48.754 GMT-0800,10.152000000000001,10.138,0.009,0.0009
13.11.2023 06:31:48.805 GMT-0800,10.172,10.138,0.0132,0.0132
13.11.2023 06:31:49.633 GMT-0800,10.172,10.158,0.009,0.0009
13.11.2023 06:31:49.684 GMT-0800,10.192,10.158,0.0132,0.0132
13.11.2023 06:31:49.932 GMT-0800,10.162,10.158,0.0009,0.009
13.11.2023 06:31:49.983 GMT-0800,10.162,10.128,0.0132,0.0132
13.11.2023 06:31:50.127 GMT-0800,10.152000000000001,10.128,0.0009,0.009
13.11.2023 06:31:50.178 GMT-0800,10.152000000000001,10.118,0.0132,0.0132
13.11.2023 06:31:50.433 GMT-0800,10.152000000000001,10.108,0.0132,0.0132
13.11.2023 06:31:50.641 GMT-0800,10.142000000000001,10.108,0.0009,0.0132
13.11.2023 06:31:50.865 GMT-0800,10.142000000000001,10.118,0.0132,0.0009
13.11.2023 06:31:50.916 GMT-0800,10.142000000000001,10.108,0.0132,0.0132
13.11.2023 06:31:51.205 GMT-0800,10.142000000000001,10.118,0.0132,0.0009
13.11.2023 06:31:51.412 GMT-0800,10.142000000000001,10.108,0.0132,0.0132
13.11.2023 06:31:51.635 GMT-0800,10.122,10.108,0.0009,0.0132
13.11.2023 06:31:51.686 GMT-0800,10.152000000000001,10.118,0.0132,0.0132
13.11.2023 06:32:05.389 GMT-0800,10.123,10.118,0.0009,0.009
13.11.2023 06:32:05.440 GMT-0800,10.132000000000001,10.118,0.0009,0.0132
13.11.2023 06:32:06.770 GMT-0800,10.122,10.117,0.0009,0.009
13.11.2023 06:32:06.820 GMT-0800,10.122,10.097999999999999,0.0132,0.0132
13.11.2023 06:32:07.046 GMT-0800,10.132000000000001,10.097999999999999,0.0132,0.0132
13.11.2023 06:32:09.416 GMT-0800,10.132000000000001,10.108,0.0132,0.0009
13.11.2023 06:32:09.467 GMT-0800,10.132000000000001,10.097999999999999,0.0132,0.0132
13.11.2023 06:32:10.446 GMT-0800,10.122,10.097999999999999,0.0009,0.009
13.11.2023 06:32:10.548 GMT-0800,10.112,10.088,0.0132,0.0132
13.11.2023 06:32:11.465 GMT-0800,10.122,10.088,0.0132,0.0132
13.11.2023 06:32:14.886 GMT-0800,10.112,10.088,0.0009,0.009
13.11.2023 06:32:14.937 GMT-0800,10.112,10.078,0.0132,0.0132
13.11.2023 06:32:15.660 GMT-0800,10.102,10.068,0.0132,0.0132
13.11.2023 06:32:16.355 GMT-0800,10.102,10.078,0.0132,0.0009
13.11.2023 06:32:16.405 GMT-0800,10.112,10.078,0.0132,0.0132
13.11.2023 06:32:16.476 GMT-0800,10.092,10.078,0.0009,0.009
13.11.2023 06:32:16.528 GMT-0800,10.102,10.068,0.0132,0.0132
13.11.2023 06:32:16.578 GMT-0800,10.112,10.078,0.0132,0.0132
13.11.2023 06:32:16.721 GMT-0800,10.122,10.078,0.0132,0.0132
13.11.2023 06:32:17.068 GMT-0800,10.112,10.078,0.0009,0.0132
13.11.2023 06:32:20.306 GMT-0800,10.102,10.078,0.0009,0.0132
13.11.2023 06:32:20.735 GMT-0800,10.102,10.068,0.0132,0.0132
13.11.2023 06:32:22.888 GMT-0800,10.092,10.068,0.0009,0.0132
13.11.2023 06:32:23.040 GMT-0800,10.092,10.058,0.0132,0.0132
13.11.2023 06:32:23.092 GMT-0800,10.092,10.068,0.009,0.0009
13.11.2023 06:32:23.142 GMT-0800,10.102,10.068,0.0132,0.0132
13.11.2023 06:32:23.334 GMT-0800,10.082,10.068,0.0009,0.009
13.11.2023 06:32:23.385 GMT-0800,10.092,10.058,0.0132,0.0132
13.11.2023 06:32:24.105 GMT-0800,10.092,10.048,0.0132,0.0132
13.11.2023 06:32:24.156 GMT-0800,10.092,10.058,0.0132,0.0132
13.11.2023 06:32:35.050 GMT-0800,10.072000000000001,10.058,0.0009,0.009
13.11.2023 06:32:35.101 GMT-0800,10.062000000000001,10.028,0.0132,0.0132
13.11.2023 06:32:35.531 GMT-0800,10.062000000000001,10.038,0.0132,0.0132
13.11.2023 06:32:35.993 GMT-0800,10.062000000000001,10.048,0.009,0.0009
13.11.2023 06:32:36.044 GMT-0800,10.072000000000001,10.048,0.0132,0.0132
13.11.2023 06:32:36.145 GMT-0800,10.082,10.048,0.0132,0.0132
13.11.2023 06:32:36.479 GMT-0800,10.082,10.058,0.0132,0.0132
13.11.2023 06:32:36.694 GMT-0800,10.082,10.048,0.0132,0.0132
13.11.2023 06:32:36.914 GMT-0800,10.072000000000001,10.048,0.0009,0.0132
13.11.2023 06:32:38.650 GMT-0800,10.072000000000001,10.038,0.0132,0.0132
13.11.2023 06:32:41.260 GMT-0800,10.062000000000001,10.028,0.0132,0.0132
13.11.2023 06:32:41.477 GMT-0800,10.052000000000001,10.028,0.0009,0.0132
13.11.2023 06:32:41.527 GMT-0800,10.062000000000001,10.028,0.0132,0.0132
13.11.2023 06:32:43.464 GMT-0800,10.052000000000001,10.028,0.0009,0.0132
13.11.2023 06:32:56.637 GMT-0800,10.052000000000001,10.038,0.0132,0.0009
13.11.2023 06:32:56.688 GMT-0800,10.072000000000001,10.038,0.0132,0.0132
13.11.2023 06:32:56.870 GMT-0800,10.072000000000001,10.048,0.0132,0.0009
13.11.2023 06:32:57.253 GMT-0800,10.072000000000001,10.038,0.0132,0.0132
13.11.2023 06:33:00.498 GMT-0800,10.072000000000001,10.048,0.0132,0.0009
13.11.2023 06:33:01.599 GMT-0800,10.082,10.068,0.0009,0.009
13.11.2023 06:33:01.700 GMT-0800,10.072000000000001,10.038,0.0132,0.0132
13.11.2023 06:33:07.856 GMT-0800,10.052000000000001,10.038,0.0009,0.0132
13.11.2023 06:33:07.907 GMT-0800,10.042,10.017999999999999,0.0132,0.0132
13.11.2023 06:33:08.008 GMT-0800,10.042,10.008,0.0132,0.0132
13.11.2023 06:33:08.211 GMT-0800,10.042,10.017999999999999,0.0132,0.0009
13.11.2023 06:33:08.451 GMT-0800,10.042,10.008,0.0132,0.0132
13.11.2023 06:33:08.635 GMT-0800,10.042,10.017999999999999,0.0132,0.0009
13.11.2023 06:33:10.340 GMT-0800,10.032,10.017999999999999,0.0009,0.0132
13.11.2023 06:33:10.390 GMT-0800,10.042,10.008,0.0132,0.0132
13.11.2023 06:33:10.635 GMT-0800,10.042,10.017999999999999,0.0132,0.0009
13.11.2023 06:33:11.689 GMT-0800,10.022,10.017999999999999,0.0009,0.009
13.11.2023 06:33:11.739 GMT-0800,10.032,10.017999999999999,0.0009,0.009
13.11.2023 06:33:11.790 GMT-0800,10.032,9.998,0.0132,0.0132
13.11.2023 06:33:11.894 GMT-0800,10.012,9.998,0.0009,0.0132
13.11.2023 06:33:12.045 GMT-0800,10.032,9.998,0.0132,0.0132
13.11.2023 06:33:13.600 GMT-0800,10.022,9.998,0.0132,0.0132
13.11.2023 06:33:19.086 GMT-0800,10.032,9.998,0.0132,0.0132
13.11.2023 06:33:20.841 GMT-0800,10.022,9.998,0.0009,0.0132
13.11.2023 06:33:23.131 GMT-0800,10.022,10.008,0.009,0.0009
13.11.2023 06:33:23.283 GMT-0800,10.022,9.998,0.0132,0.0132
13.11.2023 06:33:23.411 GMT-0800,10.022,10.008,0.009,0.0009
13.11.2023 06:33:23.462 GMT-0800,10.032,10.008,0.0132,0.0132
13.11.2023 06:33:23.791 GMT-0800,10.032,9.998,0.0132,0.0132
13.11.2023 06:33:26.696 GMT-0800,10.032,10.008,0.0132,0.0132
13.11.2023 06:33:26.747 GMT-0800,10.032,9.998,0.0132,0.0132
13.11.2023 06:33:26.870 GMT-0800,10.032,10.008,0.0132,0.0009
13.11.2023 06:33:26.971 GMT-0800,10.032,9.998,0.0132,0.0132
13.11.2023 06:33:27.532 GMT-0800,10.022,9.998,0.0009,0.0132
13.11.2023 06:33:33.112 GMT-0800,10.032,9.998,0.0132,0.0132
13.11.2023 06:33:34.422 GMT-0800,10.032,10.008,0.0132,0.0009
13.11.2023 06:33:34.658 GMT-0800,10.013,10.008,0.0009,0.009
13.11.2023 06:33:34.709 GMT-0800,10.012,9.998,0.0132,0.0132
13.11.2023 06:33:39.224 GMT-0800,9.992,9.978,0.0132,0.0132
13.11.2023 06:33:39.449 GMT-0800,10.002,9.968,0.0132,0.0132
13.11.2023 06:33:39.640 GMT-0800,10.002,9.978,0.009,0.0009
13.11.2023 06:33:39.691 GMT-0800,10.012,9.978,0.0132,0.0132
13.11.2023 06:33:39.890 GMT-0800,10.012,9.968,0.0132,0.0132
13.11.2023 06:33:39.981 GMT-0800,10.002,9.968,0.0009,0.0132
13.11.2023 06:33:40.412 GMT-0800,10.012,9.968,0.0132,0.0132
13.11.2023 06:33:42.454 GMT-0800,10.002,9.968,0.0009,0.0132
13.11.2023 06:33:44.243 GMT-0800,10.012,9.968,0.0132,0.0132
13.11.2023 06:33:45.243 GMT-0800,10.002,9.968,0.0009,0.0132
13.11.2023 06:33:46.575 GMT-0800,10.002,9.978,0.0132,0.0009
13.11.2023 06:33:47.753 GMT-0800,10.012,9.978,0.0132,0.0132
13.11.2023 06:33:48.562 GMT-0800,10.012,9.968,0.0132,0.0132
13.11.2023 06:33:49.427 GMT-0800,10.002,9.968,0.0132,0.0132
13.11.2023 06:33:49.685 GMT-0800,10.012,9.968,0.0132,0.0132
13.11.2023 06:33:55.561 GMT-0800,10.002,9.968,0.0009,0.0132
13.11.2023 06:33:55.663 GMT-0800,10.002,9.978,0.0132,0.0132
13.11.2023 06:33:55.836 GMT-0800,10.002,9.968,0.0132,0.0132
13.11.2023 06:33:56.107 GMT-0800,10.012,9.968,0.0132,0.0132
13.11.2023 06:33:56.971 GMT-0800,10.002,9.968,0.0009,0.0132
13.11.2023 06:33:59.212 GMT-0800,10.002,9.958,0.0132,0.0132
13.11.2023 06:33:59.342 GMT-0800,10.002,9.968,0.0132,0.0009
13.11.2023 06:33:59.778 GMT-0800,9.992,9.968,0.0009,0.0132
13.11.2023 06:34:00.626 GMT-0800,9.992,9.958,0.0132,0.0132
13.11.2023 06:34:01.226 GMT-0800,9.992,9.968,0.0132,0.0009
13.11.2023 06:34:02.790 GMT-0800,9.992,9.978,0.009,0.0009
13.11.2023 06:34:02.923 GMT-0800,9.992,9.968,0.009,0.012
13.11.2023 06:34:02.974 GMT-0800,10.012,9.998,0.0132,0.0132
13.11.2023 06:34:03.620 GMT-0800,10.002,9.968,0.0132,0.0132
13.11.2023 06:34:06.875 GMT-0800,9.992,9.968,0.0009,0.009
13.11.2023 06:34:07.013 GMT-0800,9.982000000000001,9.948,0.0132,0.0132
13.11.2023 06:34:07.177 GMT-0800,9.982000000000001,9.958,0.0132,0.0009
13.11.2023 06:34:07.228 GMT-0800,9.992,9.958,0.0132,0.0132
13.11.2023 06:34:08.063 GMT-0800,9.992,9.968,0.0132,0.0009
13.11.2023 06:34:08.897 GMT-0800,10.002,9.968,0.0132,0.0132
13.11.2023 06:34:10.341 GMT-0800,9.975,9.968,0.0009,0.009
13.11.2023 06:34:10.392 GMT-0800,9.992,9.968,0.0132,0.0132
13.11.2023 06:34:11.322 GMT-0800,10.002,9.968,0.0132,0.0132
13.11.2023 06:34:12.062 GMT-0800,9.992,9.968,0.0009,0.0132
13.11.2023 06:34:13.343 GMT-0800,9.982000000000001,9.968,0.0009,0.009
13.11.2023 06:34:13.393 GMT-0800,9.982000000000001,9.948,0.0132,0.0132
13.11.2023 06:34:13.646 GMT-0800,9.982000000000001,9.968,0.0132,0.0009
13.11.2023 06:34:14.561 GMT-0800,9.972000000000001,9.948,0.0009,0.009
13.11.2023 06:34:15.038 GMT-0800,9.972000000000001,9.938,0.0132,0.0132
13.11.2023 06:34:15.146 GMT-0800,9.972000000000001,9.948,0.0132,0.0009
13.11.2023 06:34:15.197 GMT-0800,9.972000000000001,9.938,0.0132,0.0132
13.11.2023 06:34:15.637 GMT-0800,9.962000000000002,9.938,0.0009,0.0132
13.11.2023 06:34:16.638 GMT-0800,9.962000000000002,9.948,0.0132,0.0009
13.11.2023 06:34:17.498 GMT-0800,9.962000000000002,9.938,0.0132,0.0132
13.11.2023 06:34:19.601 GMT-0800,9.962000000000002,9.957,0.009,0.0009
13.11.2023 06:34:19.651 GMT-0800,9.972000000000001,9.958,0.0132,0.0132
13.11.2023 06:34:20.848 GMT-0800,9.982000000000001,9.958,0.0132,0.0132
13.11.2023 06:34:27.645 GMT-0800,9.982000000000001,9.968,0.0132,0.0009
13.11.2023 06:34:29.315 GMT-0800,9.982000000000001,9.958,0.0132,0.0132
13.11.2023 06:34:30.616 GMT-0800,9.982000000000001,9.968,0.009,0.0009
13.11.2023 06:34:30.667 GMT-0800,10.002,9.978,0.0132,0.0132
13.11.2023 06:34:33.251 GMT-0800,10.002,9.968,0.0132,0.0132
13.11.2023 06:34:33.470 GMT-0800,10.002,9.978,0.0132,0.0009
13.11.2023 06:34:34.332 GMT-0800,10.002,9.988,0.0132,0.0009
13.11.2023 06:34:34.483 GMT-0800,10.002,9.978,0.0132,0.0132
13.11.2023 06:34:34.819 GMT-0800,10.002,9.968,0.0132,0.0132
13.11.2023 06:34:34.874 GMT-0800,10.002,9.978,0.009,0.0009
13.11.2023 06:34:34.925 GMT-0800,10.012,9.978,0.0132,0.0132
13.11.2023 06:34:35.349 GMT-0800,10.002,9.978,0.0009,0.0132
13.11.2023 06:34:35.400 GMT-0800,10.002,9.968,0.0132,0.0132
13.11.2023 06:34:36.234 GMT-0800,10.002,9.995000000000001,0.0009,0.009
13.11.2023 06:34:36.290 GMT-0800,10.062000000000001,10.057,0.009,0.0009
13.11.2023 06:34:36.343 GMT-0800,10.122,10.068,0.0132,0.0132
13.11.2023 06:34:36.393 GMT-0800,10.112,10.088,0.0132,0.0009
13.11.2023 06:34:36.609 GMT-0800,10.122,10.088,0.0132,0.0132
13.11.2023 06:34:36.710 GMT-0800,10.092,10.078,0.0132,0.0132
13.11.2023 06:34:36.760 GMT-0800,10.092,10.058,0.0132,0.0132
13.11.2023 06:34:36.820 GMT-0800,10.082,10.058,0.0009,0.009
13.11.2023 06:34:36.871 GMT-0800,10.072000000000001,10.038,0.0132,0.0132
13.11.2023 06:34:37.408 GMT-0800,10.043,10.038,0.0009,0.009
13.11.2023 06:34:37.459 GMT-0800,10.062000000000001,10.028,0.0132,0.0132
13.11.2023 06:34:38.345 GMT-0800,10.032,10.008,0.009,0.0132
13.11.2023 06:34:38.395 GMT-0800,10.052000000000001,10.017999999999999,0.0132,0.0132
13.11.2023 06:34:38.496 GMT-0800,10.062000000000001,10.017999999999999,0.0132,0.0132
13.11.2023 06:34:38.864 GMT-0800,10.052000000000001,10.017999999999999,0.0009,0.0132
13.11.2023 06:34:39.689 GMT-0800,10.022,9.988,0.0132,0.0132
13.11.2023 06:34:39.790 GMT-0800,10.042,10.008,0.0132,0.0132
13.11.2023 06:34:40.253 GMT-0800,10.032,10.008,0.0009,0.009
13.11.2023 06:34:40.303 GMT-0800,10.032,9.998,0.0132,0.0132
13.11.2023 06:34:40.354 GMT-0800,10.012,9.998,0.0132,0.0132
13.11.2023 06:34:40.405 GMT-0800,10.012,9.988,0.0132,0.0132
13.11.2023 06:34:41.469 GMT-0800,10.022,9.988,0.0132,0.0132
13.11.2023 06:34:42.401 GMT-0800,10.002,9.988,0.0009,0.0132
13.11.2023 06:34:42.452 GMT-0800,10.022,9.988,0.0132,0.0132
13.11.2023 06:34:43.003 GMT-0800,9.982000000000001,9.968,0.0132,0.0132
13.11.2023 06:34:43.142 GMT-0800,10.012,9.978,0.0132,0.0132
13.11.2023 06:34:43.193 GMT-0800,10.012,9.988,0.0132,0.0132
13.11.2023 06:34:44.169 GMT-0800,10.002,9.968,0.0132,0.0132
13.11.2023 06:34:44.833 GMT-0800,9.982000000000001,9.968,0.0009,0.0132
13.11.2023 06:34:44.884 GMT-0800,10.002,9.968,0.0132,0.0132
13.11.2023 06:34:45.469 GMT-0800,9.992,9.968,0.0009,0.009
13.11.2023 06:34:45.520 GMT-0800,9.992,9.958,0.0132,0.0132
13.11.2023 06:34:46.224 GMT-0800,9.992,9.968,0.0132,0.0009
13.11.2023 06:34:48.817 GMT-0800,9.992,9.958,0.0132,0.0132
13.11.2023 06:34:49.041 GMT-0800,9.982000000000001,9.958,0.0009,0.0132
13.11.2023 06:34:49.091 GMT-0800,9.992,9.958,0.0132,0.0132
13.11.2023 06:34:49.865 GMT-0800,9.982000000000001,9.958,0.0009,0.0132
13.11.2023 06:34:53.095 GMT-0800,9.972000000000001,9.948,0.0132,0.0132
13.11.2023 06:34:57.379 GMT-0800,9.952,9.927999999999999,0.0132,0.0132
13.11.2023 06:34:57.876 GMT-0800,9.952,9.918,0.0132,0.0132
13.11.2023 06:34:58.318 GMT-0800,9.942,9.918,0.0009,0.0132
13.11.2023 06:35:01.167 GMT-0800,9.932,9.918,0.0009,0.009
13.11.2023 06:35:01.218 GMT-0800,9.932,9.908,0.0132,0.0132
13.11.2023 06:35:01.455 GMT-0800,9.932,9.918,0.0132,0.0132
13.11.2023 06:35:01.556 GMT-0800,9.942,9.908,0.0132,0.0132
13.11.2023 06:35:01.607 GMT-0800,9.932,9.908,0.0009,0.0132
13.11.2023 06:35:01.658 GMT-0800,9.942,9.908,0.0132,0.0132
13.11.2023 06:35:02.254 GMT-0800,9.942,9.918,0.0132,0.0009
13.11.2023 06:35:02.357 GMT-0800,9.932,9.908,0.0009,0.0132
13.11.2023 06:35:02.831 GMT-0800,9.932,9.898,0.0132,0.0132
13.11.2023 06:35:04.135 GMT-0800,9.932,9.908,0.0132,0.0009
13.11.2023 06:35:04.649 GMT-0800,9.932,9.918,0.009,0.0009
13.11.2023 06:35:04.702 GMT-0800,9.942,9.918,0.0132,0.0132
13.11.2023 06:35:05.878 GMT-0800,9.932,9.918,0.0009,0.009
13.11.2023 06:35:05.928 GMT-0800,9.932,9.908,0.0132,0.0132
13.11.2023 06:35:06.220 GMT-0800,9.932,9.898,0.0132,0.0132
13.11.2023 06:35:06.338 GMT-0800,9.932,9.918,0.0132,0.0009
13.11.2023 06:35:06.389 GMT-0800,9.932,9.908,0.009,0.0132
13.11.2023 06:35:06.440 GMT-0800,9.942,9.908,0.0132,0.0132
13.11.2023 06:35:06.674 GMT-0800,9.942,9.918,0.0132,0.0009
13.11.2023 06:35:06.724 GMT-0800,9.942,9.908,0.0132,0.0132
13.11.2023 06:35:06.897 GMT-0800,9.932,9.908,0.0009,0.0132
13.11.2023 06:35:07.027 GMT-0800,9.942,9.918,0.0132,0.009
13.11.2023 06:35:07.078 GMT-0800,9.942,9.898,0.0132,0.0132
13.11.2023 06:35:07.385 GMT-0800,9.932,9.908,0.0009,0.0009
13.11.2023 06:35:08.037 GMT-0800,9.932,9.918,0.0132,0.0009
13.11.2023 06:35:09.508 GMT-0800,9.922,9.918,0.0009,0.009
13.11.2023 06:35:09.559 GMT-0800,9.922,9.908,0.0132,0.009
13.11.2023 06:35:09.669 GMT-0800,9.922,9.898,0.0132,0.0132
13.11.2023 06:35:10.274 GMT-0800,9.922,9.888,0.0132,0.0132
13.11.2023 06:35:10.325 GMT-0800,9.922,9.898,0.0132,0.0132
13.11.2023 06:35:10.726 GMT-0800,9.922,9.888,0.0132,0.0132
13.11.2023 06:35:10.908 GMT-0800,9.922,9.898,0.0132,0.0009
13.11.2023 06:35:10.959 GMT-0800,9.922,9.888,0.0132,0.0132
13.11.2023 06:35:11.664 GMT-0800,9.922,9.908,0.0132,0.0009
13.11.2023 06:35:11.861 GMT-0800,9.932,9.908,0.0132,0.0132
13.11.2023 06:35:11.914 GMT-0800,9.922,9.898,0.0132,0.0132
13.11.2023 06:35:12.834 GMT-0800,9.922,9.888,0.0132,0.0132
13.11.2023 06:35:13.384 GMT-0800,9.922,9.878,0.0132,0.0132
13.11.2023 06:35:14.064 GMT-0800,9.932,9.878,0.0132,0.0132
13.11.2023 06:35:14.436 GMT-0800,9.922,9.898,0.0009,0.0009
13.11.2023 06:35:14.966 GMT-0800,9.922,9.908,0.009,0.0009
13.11.2023 06:35:15.017 GMT-0800,9.932,9.908,0.0132,0.0132
13.11.2023 06:35:15.245 GMT-0800,9.922,9.898,0.0132,0.0132
13.11.2023 06:35:15.480 GMT-0800,9.932,9.898,0.0132,0.0132
13.11.2023 06:35:15.690 GMT-0800,9.922,9.898,0.0009,0.0132
13.11.2023 06:35:16.111 GMT-0800,9.932,9.898,0.0132,0.0132
13.11.2023 06:35:16.832 GMT-0800,9.932,9.908,0.009,0.0009
13.11.2023 06:35:17.987 GMT-0800,9.922,9.908,0.0009,0.0132
13.11.2023 06:35:18.167 GMT-0800,9.932,9.908,0.0132,0.0132
13.11.2023 06:35:18.353 GMT-0800,9.922,9.908,0.0132,0.0132
13.11.2023 06:35:18.740 GMT-0800,9.932,9.908,0.0132,0.0132
13.11.2023 06:35:20.247 GMT-0800,9.922,9.908,0.0009,0.0132
13.11.2023 06:35:20.483 GMT-0800,9.932,9.908,0.0132,0.0132
13.11.2023 06:35:20.989 GMT-0800,9.922,9.908,0.0009,0.009
13.11.2023 06:35:21.039 GMT-0800,9.922,9.898,0.0132,0.0132
13.11.2023 06:35:21.589 GMT-0800,9.922,9.888,0.0132,0.0132
13.11.2023 06:35:21.690 GMT-0800,9.922,9.878,0.0132,0.0132
13.11.2023 06:35:22.716 GMT-0800,9.912,9.888,0.0009,0.0009
13.11.2023 06:35:22.935 GMT-0800,9.922,9.888,0.0132,0.0132
13.11.2023 06:35:22.986 GMT-0800,9.912,9.888,0.0132,0.0132
13.11.2023 06:35:23.541 GMT-0800,9.912,9.898,0.0132,0.0132
13.11.2023 06:35:23.743 GMT-0800,9.912,9.888,0.0132,0.0132
13.11.2023 06:35:24.970 GMT-0800,9.922,9.888,0.0132,0.0132
13.11.2023 06:35:26.042 GMT-0800,9.932,9.888,0.0132,0.0132
13.11.2023 06:35:26.545 GMT-0800,10.002,9.968,0.0132,0.0132
13.11.2023 06:35:26.596 GMT-0800,10.042,9.988,0.0132,0.009
13.11.2023 06:35:26.647 GMT-0800,10.012,9.978,0.0132,0.0132
13.11.2023 06:35:26.748 GMT-0800,10.082,10.028,0.0132,0.0132
13.11.2023 06:35:26.799 GMT-0800,10.082,10.038,0.0132,0.0132
13.11.2023 06:35:26.920 GMT-0800,10.082,10.028,0.0132,0.0132
13.11.2023 06:35:27.915 GMT-0800,10.082,10.038,0.0132,0.0009
13.11.2023 06:35:28.142 GMT-0800,10.043,10.038,0.0009,0.009
13.11.2023 06:35:28.193 GMT-0800,10.062000000000001,10.017999999999999,0.0132,0.0132
13.11.2023 06:35:28.244 GMT-0800,10.022,9.998,0.0132,0.0132
13.11.2023 06:35:28.345 GMT-0800,10.002,9.968,0.0132,0.0132
13.11.2023 06:35:28.732 GMT-0800,9.992,9.958,0.0132,0.0132
13.11.2023 06:35:29.195 GMT-0800,9.962000000000002,9.948,0.0009,0.009
13.11.2023 06:35:29.301 GMT-0800,9.952,9.938,0.009,0.0132
13.11.2023 06:35:29.351 GMT-0800,9.962000000000002,9.938,0.0132,0.0132
13.11.2023 06:35:29.402 GMT-0800,9.952,9.938,0.0132,0.0132
13.11.2023 06:35:29.698 GMT-0800,9.962000000000002,9.938,0.0132,0.0132
13.11.2023 06:35:29.775 GMT-0800,9.952,9.938,0.0009,0.0132
13.11.2023 06:35:31.916 GMT-0800,9.942,9.938,0.0009,0.009
13.11.2023 06:35:31.966 GMT-0800,9.942,9.927999999999999,0.0132,0.0132
13.11.2023 06:35:32.068 GMT-0800,9.952,9.927999999999999,0.0132,0.0132
13.11.2023 06:35:32.169 GMT-0800,9.952,9.918,0.0132,0.0132
13.11.2023 06:35:32.733 GMT-0800,9.952,9.927999999999999,0.0132,0.0009
13.11.2023 06:35:33.239 GMT-0800,9.952,9.938,0.0132,0.0009
13.11.2023 06:35:34.529 GMT-0800,9.952,9.927999999999999,0.0132,0.0132
13.11.2023 06:35:35.644 GMT-0800,9.952,9.918,0.0132,0.0132
13.11.2023 06:35:35.695 GMT-0800,9.952,9.927999999999999,0.0132,0.0132
13.11.2023 06:35:38.102 GMT-0800,9.952,9.918,0.0132,0.0132
13.11.2023 06:35:38.474 GMT-0800,9.952,9.927999999999999,0.0132,0.0009
13.11.2023 06:35:38.575 GMT-0800,9.952,9.918,0.0132,0.0132
13.11.2023 06:35:40.718 GMT-0800,9.952,9.938,0.0132,0.0009
13.11.2023 06:35:40.768 GMT-0800,9.952,9.927999999999999,0.0132,0.0132
13.11.2023 06:35:40.906 GMT-0800,9.952,9.918,0.0132,0.0132
13.11.2023 06:35:42.687 GMT-0800,9.952,9.927999999999999,0.0132,0.009
13.11.2023 06:35:42.746 GMT-0800,9.952,9.918,0.0132,0.0132
13.11.2023 06:35:42.960 GMT-0800,9.952,9.927999999999999,0.0132,0.0009
13.11.2023 06:35:43.061 GMT-0800,9.942,9.918,0.0132,0.0132
13.11.2023 06:35:43.206 GMT-0800,9.952,9.918,0.0132,0.0132
13.11.2023 06:35:43.640 GMT-0800,9.942,9.918,0.0009,0.0132
13.11.2023 06:35:43.970 GMT-0800,9.952,9.918,0.0132,0.0132
13.11.2023 06:35:44.020 GMT-0800,9.952,9.927999999999999,0.0132,0.0009
13.11.2023 06:35:45.118 GMT-0800,9.952,9.918,0.0132,0.0132
13.11.2023 06:35:45.435 GMT-0800,9.942,9.918,0.0009,0.0132
13.11.2023 06:35:45.486 GMT-0800,9.952,9.918,0.0132,0.0132
13.11.2023 06:35:47.882 GMT-0800,9.942,9.918,0.0009,0.009
13.11.2023 06:35:49.360 GMT-0800,9.952,9.918,0.0132,0.0132
13.11.2023 06:35:50.006 GMT-0800,9.942,9.918,0.0009,0.0132
13.11.2023 06:35:51.128 GMT-0800,9.932,9.918,0.0009,0.009
13.11.2023 06:35:51.179 GMT-0800,9.942,9.908,0.0132,0.0132
13.11.2023 06:35:51.288 GMT-0800,9.932,9.908,0.0009,0.0132
13.11.2023 06:35:51.339 GMT-0800,9.942,9.908,0.0132,0.0132
13.11.2023 06:35:52.531 GMT-0800,9.932,9.908,0.0009,0.0132
13.11.2023 06:35:52.724 GMT-0800,9.932,9.918,0.009,0.0009
13.11.2023 06:35:52.775 GMT-0800,9.942,9.918,0.0132,0.0132
13.11.2023 06:35:53.161 GMT-0800,9.952,9.918,0.0132,0.0132
13.11.2023 06:35:54.063 GMT-0800,9.952,9.938,0.0132,0.0132
13.11.2023 06:35:54.215 GMT-0800,9.942,9.937000000000001,0.0009,0.009
13.11.2023 06:35:54.265 GMT-0800,9.942,9.927999999999999,0.0132,0.0132
13.11.2023 06:35:54.395 GMT-0800,9.942,9.938,0.009,0.0009
13.11.2023 06:35:54.446 GMT-0800,9.952,9.927999999999999,0.0132,0.0132
13.11.2023 06:35:59.849 GMT-0800,9.942,9.927999999999999,0.0132,0.0132
13.11.2023 06:36:01.029 GMT-0800,9.942,9.918,0.0132,0.0132
13.11.2023 06:36:01.079 GMT-0800,9.942,9.927999999999999,0.009,0.0009
13.11.2023 06:36:01.130 GMT-0800,9.952,9.927999999999999,0.0132,0.0132
13.11.2023 06:36:01.567 GMT-0800,9.942,9.927999999999999,0.0009,0.0132
13.11.2023 06:36:02.357 GMT-0800,9.952,9.927999999999999,0.0132,0.009
13.11.2023 06:36:02.408 GMT-0800,9.942,9.918,0.0132,0.0132
13.11.2023 06:36:02.558 GMT-0800,9.942,9.927999999999999,0.0009,0.009
13.11.2023 06:36:02.609 GMT-0800,9.942,9.908,0.0132,0.0132
13.11.2023 06:36:02.710 GMT-0800,9.942,9.927999999999999,0.0132,0.0132
13.11.2023 06:36:03.420 GMT-0800,9.932,9.927999999999999,0.0009,0.009
13.11.2023 06:36:03.471 GMT-0800,9.942,9.918,0.0132,0.0132
13.11.2023 06:36:04.354 GMT-0800,9.932,9.918,0.0009,0.009
13.11.2023 06:36:04.405 GMT-0800,9.932,9.908,0.0132,0.0132
13.11.2023 06:36:05.563 GMT-0800,9.942,9.908,0.0132,0.0132
13.11.2023 06:36:06.308 GMT-0800,9.932,9.908,0.0009,0.0132
13.11.2023 06:36:06.817 GMT-0800,9.922,9.908,0.0009,0.0132
13.11.2023 06:36:07.238 GMT-0800,9.932,9.908,0.0132,0.0132
13.11.2023 06:36:07.403 GMT-0800,9.922,9.908,0.0009,0.0132
13.11.2023 06:36:10.707 GMT-0800,9.922,9.898,0.0132,0.0132
13.11.2023 06:36:13.491 GMT-0800,9.912,9.898,0.0009,0.0132
13.11.2023 06:36:15.193 GMT-0800,9.902000000000001,9.878,0.0132,0.0132
13.11.2023 06:36:15.417 GMT-0800,9.902000000000001,9.888,0.009,0.0009
13.11.2023 06:36:15.468 GMT-0800,9.912,9.888,0.0132,0.0132
13.11.2023 06:36:15.651 GMT-0800,9.912,9.898,0.0132,0.0009
13.11.2023 06:36:16.024 GMT-0800,9.902000000000001,9.898,0.0009,0.009
13.11.2023 06:36:16.075 GMT-0800,9.912,9.888,0.0132,0.0132
13.11.2023 06:36:17.465 GMT-0800,9.902000000000001,9.888,0.0132,0.0132
13.11.2023 06:36:19.758 GMT-0800,9.902000000000001,9.878,0.0132,0.0132
13.11.2023 06:36:19.870 GMT-0800,9.902000000000001,9.888,0.0132,0.0132
13.11.2023 06:36:20.285 GMT-0800,9.902000000000001,9.878,0.0132,0.0132
13.11.2023 06:36:21.850 GMT-0800,9.902000000000001,9.888,0.009,0.0009
13.11.2023 06:36:21.901 GMT-0800,9.932,9.898,0.0132,0.0132
13.11.2023 06:36:23.586 GMT-0800,9.932,9.888,0.0132,0.0132
13.11.2023 06:36:24.451 GMT-0800,9.922,9.898,0.0009,0.0009
13.11.2023 06:36:24.502 GMT-0800,9.962000000000002,9.938,0.0132,0.0132
13.11.2023 06:36:24.552 GMT-0800,9.982000000000001,9.948,0.0132,0.0132
13.11.2023 06:36:24.603 GMT-0800,10.002,9.988,0.009,0.009
13.11.2023 06:36:24.654 GMT-0800,10.022,9.998,0.009,0.0009
13.11.2023 06:36:24.705 GMT-0800,10.023,10.017999999999999,0.009,0.0009
13.11.2023 06:36:24.756 GMT-0800,10.072000000000001,10.017999999999999,0.0132,0.0132
13.11.2023 06:36:24.857 GMT-0800,10.072000000000001,10.028,0.0132,0.0132
13.11.2023 06:36:24.996 GMT-0800,10.052000000000001,10.028,0.0009,0.009
13.11.2023 06:36:25.047 GMT-0800,10.032,9.998,0.0132,0.0132
13.11.2023 06:36:25.148 GMT-0800,10.022,9.988,0.0132,0.0132
13.11.2023 06:36:25.987 GMT-0800,10.002,9.988,0.0009,0.009
13.11.2023 06:36:26.038 GMT-0800,10.002,9.968,0.0132,0.0132
13.11.2023 06:36:26.088 GMT-0800,9.992,9.968,0.0009,0.0132
13.11.2023 06:36:26.139 GMT-0800,9.992,9.958,0.0132,0.0132
13.11.2023 06:36:26.240 GMT-0800,9.982000000000001,9.958,0.0009,0.009
13.11.2023 06:36:26.291 GMT-0800,9.992,9.958,0.0132,0.0132
13.11.2023 06:36:26.766 GMT-0800,10.002,9.968,0.0132,0.0132
13.11.2023 06:36:26.978 GMT-0800,9.992,9.968,0.0009,0.0132
13.11.2023 06:36:28.782 GMT-0800,9.982000000000001,9.968,0.0009,0.009
13.11.2023 06:36:28.833 GMT-0800,9.962000000000002,9.938,0.0132,0.0132
13.11.2023 06:36:28.884 GMT-0800,9.962000000000002,9.948,0.0132,0.0132
13.11.2023 06:36:28.935 GMT-0800,9.972000000000001,9.938,0.0132,0.0132
13.11.2023 06:36:29.090 GMT-0800,9.962000000000002,9.927999999999999,0.0132,0.0132
13.11.2023 06:36:29.406 GMT-0800,9.962000000000002,9.938,0.0132,0.0009
13.11.2023 06:36:29.515 GMT-0800,9.952,9.927999999999999,0.009,0.0132
13.11.2023 06:36:30.270 GMT-0800,9.942,9.927999999999999,0.0009,0.0132
13.11.2023 06:36:30.867 GMT-0800,9.942,9.938,0.009,0.0009
13.11.2023 06:36:30.918 GMT-0800,9.952,9.938,0.0132,0.0132
13.11.2023 06:36:31.019 GMT-0800,9.952,9.927999999999999,0.0132,0.0132
13.11.2023 06:36:32.351 GMT-0800,9.942,9.927999999999999,0.0009,0.009
13.11.2023 06:36:32.404 GMT-0800,9.952,9.927999999999999,0.0132,0.009
13.11.2023 06:36:32.493 GMT-0800,9.952,9.918,0.0132,0.0132
13.11.2023 06:36:32.544 GMT-0800,9.952,9.927999999999999,0.0132,0.0132
13.11.2023 06:36:33.144 GMT-0800,9.952,9.938,0.0132,0.0009
13.11.2023 06:36:38.974 GMT-0800,9.942,9.938,0.0009,0.009
13.11.2023 06:36:39.025 GMT-0800,9.952,9.938,0.0132,0.0132
13.11.2023 06:36:40.102 GMT-0800,9.952,9.927999999999999,0.0132,0.0132
13.11.2023 06:36:41.446 GMT-0800,9.952,9.938,0.0132,0.0132
13.11.2023 06:36:41.770 GMT-0800,9.952,9.927999999999999,0.0132,0.0132
13.11.2023 06:36:43.584 GMT-0800,9.952,9.938,0.0132,0.0009
13.11.2023 06:36:44.528 GMT-0800,9.952,9.927999999999999,0.0132,0.0132
13.11.2023 06:36:44.629 GMT-0800,9.972000000000001,9.948,0.0132,0.0132
13.11.2023 06:36:45.011 GMT-0800,9.972000000000001,9.938,0.0132,0.0132
13.11.2023 06:36:45.085 GMT-0800,9.962000000000002,9.938,0.0009,0.0132
13.11.2023 06:36:46.381 GMT-0800,9.952,9.938,0.0009,0.009
13.11.2023 06:36:46.540 GMT-0800,9.942,9.938,0.0009,0.009
13.11.2023 06:36:46.591 GMT-0800,9.962000000000002,9.938,0.0132,0.0132
13.11.2023 06:36:46.757 GMT-0800,9.952,9.938,0.0009,0.009
13.11.2023 06:36:46.808 GMT-0800,9.942,9.918,0.0132,0.0132
13.11.2023 06:36:47.230 GMT-0800,9.952,9.927999999999999,0.0132,0.0132
13.11.2023 06:36:47.331 GMT-0800,9.952,9.918,0.0132,0.0132
13.11.2023 06:36:47.389 GMT-0800,9.952,9.927999999999999,0.0132,0.0009
13.11.2023 06:36:50.190 GMT-0800,9.942,9.927999999999999,0.0009,0.009
13.11.2023 06:36:50.241 GMT-0800,9.942,9.918,0.0132,0.0132
13.11.2023 06:36:50.448 GMT-0800,9.932,9.918,0.009,0.0132
13.11.2023 06:36:50.499 GMT-0800,9.942,9.918,0.0132,0.0132
13.11.2023 06:36:50.726 GMT-0800,9.942,9.908,0.0132,0.0132
13.11.2023 06:36:51.413 GMT-0800,9.942,9.918,0.0132,0.0132
13.11.2023 06:36:51.665 GMT-0800,9.942,9.908,0.0132,0.0132
13.11.2023 06:36:53.210 GMT-0800,9.942,9.918,0.0132,0.0009
13.11.2023 06:36:53.959 GMT-0800,9.942,9.908,0.0132,0.0132
13.11.2023 06:36:54.459 GMT-0800,9.932,9.908,0.0009,0.0132
13.11.2023 06:36:56.690 GMT-0800,9.932,9.918,0.009,0.0009
13.11.2023 06:36:56.740 GMT-0800,9.942,9.918,0.0132,0.0132
13.11.2023 06:36:56.992 GMT-0800,9.952,9.927999999999999,0.0132,0.0132
13.11.2023 06:36:57.294 GMT-0800,9.952,9.918,0.0132,0.0132
13.11.2023 06:36:57.378 GMT-0800,9.942,9.918,0.0009,0.0132
13.11.2023 06:36:59.427 GMT-0800,9.952,9.918,0.0132,0.0132
13.11.2023 06:36:59.775 GMT-0800,9.942,9.918,0.0009,0.0132
13.11.2023 06:37:00.220 GMT-0800,9.942,9.927999999999999,0.0132,0.0009
13.11.2023 06:37:01.813 GMT-0800,9.952,9.927999999999999,0.0132,0.0132
13.11.2023 06:37:03.215 GMT-0800,9.952,9.938,0.0132,0.0009
13.11.2023 06:37:03.728 GMT-0800,9.942,9.938,0.0009,0.009
13.11.2023 06:37:03.778 GMT-0800,9.942,9.927999999999999,0.0132,0.0132
13.11.2023 06:37:04.089 GMT-0800,9.952,9.927999999999999,0.0132,0.0132
13.11.2023 06:37:04.501 GMT-0800,9.932,9.918,0.0132,0.0132
13.11.2023 06:37:04.827 GMT-0800,9.942,9.918,0.0132,0.0132
13.11.2023 06:37:06.537 GMT-0800,9.952,9.918,0.0132,0.0132
13.11.2023 06:37:07.759 GMT-0800,9.942,9.918,0.0009,0.0132
13.11.2023 06:37:07.860 GMT-0800,9.952,9.927999999999999,0.0132,0.0132
13.11.2023 06:37:07.961 GMT-0800,9.952,9.938,0.0132,0.009
13.11.2023 06:37:08.012 GMT-0800,9.952,9.927999999999999,0.0132,0.0132
13.11.2023 06:37:09.377 GMT-0800,9.942,9.927999999999999,0.0009,0.009
13.11.2023 06:37:09.533 GMT-0800,9.932,9.918,0.009,0.0132
13.11.2023 06:37:09.584 GMT-0800,9.942,9.918,0.0132,0.0132
13.11.2023 06:37:14.070 GMT-0800,9.952,9.918,0.0132,0.0132
13.11.2023 06:37:14.121 GMT-0800,9.942,9.918,0.0009,0.009
13.11.2023 06:37:14.172 GMT-0800,9.952,9.908,0.0132,0.0132
13.11.2023 06:37:14.343 GMT-0800,9.942,9.908,0.0009,0.0132
13.11.2023 06:37:15.446 GMT-0800,9.922,9.908,0.0009,0.0132
13.11.2023 06:37:15.671 GMT-0800,9.932,9.908,0.0132,0.0132
13.11.2023 06:37:15.893 GMT-0800,9.922,9.908,0.0009,0.0132
13.11.2023 06:37:15.944 GMT-0800,9.932,9.908,0.0132,0.0132
13.11.2023 06:37:17.782 GMT-0800,9.932,9.898,0.0132,0.0132
13.11.2023 06:37:18.676 GMT-0800,9.932,9.908,0.0132,0.0132
13.11.2023 06:37:20.368 GMT-0800,9.922,9.908,0.0132,0.0132
13.11.2023 06:37:20.698 GMT-0800,9.932,9.908,0.0132,0.0132
13.11.2023 06:37:21.049 GMT-0800,9.922,9.908,0.0009,0.0132
13.11.2023 06:37:28.119 GMT-0800,9.922,9.898,0.0132,0.0132
13.11.2023 06:37:34.225 GMT-0800,9.912,9.898,0.0009,0.0132
13.11.2023 06:37:37.047 GMT-0800,9.902000000000001,9.898,0.0009,0.009
13.11.2023 06:37:37.098 GMT-0800,9.902000000000001,9.888,0.0132,0.0132
13.11.2023 06:37:37.149 GMT-0800,9.912,9.888,0.0132,0.0132
13.11.2023 06:37:37.537 GMT-0800,9.902000000000001,9.888,0.0009,0.0132
13.11.2023 06:37:39.529 GMT-0800,9.892000000000001,9.888,0.0009,0.009
13.11.2023 06:37:39.580 GMT-0800,9.912,9.888,0.0132,0.0132
13.11.2023 06:37:43.610 GMT-0800,9.912,9.898,0.0132,0.0009
13.11.2023 06:37:45.761 GMT-0800,9.912,9.888,0.0132,0.0132
13.11.2023 06:37:46.188 GMT-0800,9.902000000000001,9.888,0.0132,0.0132
13.11.2023 06:37:59.676 GMT-0800,9.912,9.888,0.0132,0.0132
13.11.2023 06:38:00.427 GMT-0800,9.902000000000001,9.888,0.0009,0.0132
13.11.2023 06:38:01.095 GMT-0800,9.912,9.888,0.0132,0.0132
13.11.2023 06:38:02.506 GMT-0800,9.912,9.898,0.0132,0.0009
13.11.2023 06:38:05.804 GMT-0800,9.902000000000001,9.898,0.0009,0.009
13.11.2023 06:38:05.855 GMT-0800,9.902000000000001,9.888,0.0132,0.0132
13.11.2023 06:38:06.216 GMT-0800,9.912,9.888,0.0132,0.0132
13.11.2023 06:38:06.540 GMT-0800,9.902000000000001,9.888,0.0009,0.0132
13.11.2023 06:38:08.332 GMT-0800,9.912,9.888,0.0132,0.0132
13.11.2023 06:38:12.390 GMT-0800,9.912,9.898,0.0132,0.0009
13.11.2023 06:38:14.566 GMT-0800,9.912,9.908,0.009,0.0009
13.11.2023 06:38:14.617 GMT-0800,9.922,9.908,0.0132,0.0132
13.11.2023 06:38:19.426 GMT-0800,9.923,9.918,0.009,0.0009
13.11.2023 06:38:19.477 GMT-0800,9.942,9.918,0.0132,0.0132
13.11.2023 06:38:21.450 GMT-0800,9.942,9.908,0.0132,0.0132
13.11.2023 06:38:23.667 GMT-0800,9.942,9.918,0.0132,0.0009
13.11.2023 06:38:23.910 GMT-0800,9.932,9.918,0.0009,0.0132
13.11.2023 06:38:24.011 GMT-0800,9.952,9.927999999999999,0.0132,0.0132
13.11.2023 06:38:24.240 GMT-0800,9.942,9.927999999999999,0.0009,0.0132
13.11.2023 06:38:24.291 GMT-0800,9.952,9.927999999999999,0.0132,0.0132
13.11.2023 06:38:25.934 GMT-0800,9.942,9.927999999999999,0.0009,0.0132
13.11.2023 06:38:26.119 GMT-0800,9.952,9.927999999999999,0.0132,0.0132
13.11.2023 06:38:27.051 GMT-0800,9.942,9.927999999999999,0.0009,0.0132
13.11.2023 06:38:34.023 GMT-0800,9.942,9.938,0.009,0.0009
13.11.2023 06:38:34.074 GMT-0800,9.952,9.938,0.0132,0.0132
13.11.2023 06:38:40.790 GMT-0800,9.952,9.948,0.009,0.0009
13.11.2023 06:38:40.841 GMT-0800,9.962000000000002,9.948,0.0132,0.0132
13.11.2023 06:38:43.600 GMT-0800,9.952,9.948,0.0009,0.009
13.11.2023 06:38:43.651 GMT-0800,9.952,9.938,0.0132,0.0132
13.11.2023 06:38:43.952 GMT-0800,9.962000000000002,9.938,0.0132,0.0132
13.11.2023 06:38:44.113 GMT-0800,9.952,9.938,0.0009,0.0132
13.11.2023 06:38:44.214 GMT-0800,9.962000000000002,9.938,0.0132,0.0132
13.11.2023 06:38:44.308 GMT-0800,9.952,9.938,0.0009,0.0132
13.11.2023 06:38:44.359 GMT-0800,9.952,9.927999999999999,0.0132,0.0132
13.11.2023 06:38:44.488 GMT-0800,9.952,9.938,0.009,0.0009
13.11.2023 06:38:44.539 GMT-0800,9.962000000000002,9.938,0.0132,0.0132
13.11.2023 06:38:45.843 GMT-0800,9.952,9.938,0.0009,0.0132
13.11.2023 06:38:46.141 GMT-0800,9.962000000000002,9.938,0.0132,0.0132
13.11.2023 06:38:46.622 GMT-0800,9.962000000000002,9.927999999999999,0.0132,0.0132
13.11.2023 06:38:47.069 GMT-0800,9.962000000000002,9.948,0.0132,0.0009
13.11.2023 06:38:52.500 GMT-0800,9.962000000000002,9.938,0.0132,0.0132
13.11.2023 06:38:52.557 GMT-0800,9.962000000000002,9.948,0.0132,0.0009
13.11.2023 06:38:52.834 GMT-0800,9.962000000000002,9.938,0.0132,0.0132
13.11.2023 06:38:53.459 GMT-0800,9.962000000000002,9.948,0.0132,0.0009
13.11.2023 06:38:55.236 GMT-0800,9.962000000000002,9.958,0.009,0.0009
13.11.2023 06:38:55.287 GMT-0800,9.982000000000001,9.958,0.0132,0.0132
13.11.2023 06:38:57.937 GMT-0800,9.992,9.968,0.0132,0.0132
13.11.2023 06:38:58.189 GMT-0800,9.992,9.958,0.0132,0.0132
13.11.2023 06:38:58.668 GMT-0800,9.992,9.968,0.0132,0.0009
13.11.2023 06:39:00.152 GMT-0800,9.982000000000001,9.968,0.0009,0.0132
13.11.2023 06:39:16.724 GMT-0800,9.972000000000001,9.968,0.0009,0.009
13.11.2023 06:39:16.774 GMT-0800,9.972000000000001,9.958,0.0132,0.0132
13.11.2023 06:39:19.354 GMT-0800,9.952,9.938,0.0132,0.0132
13.11.2023 06:39:28.654 GMT-0800,9.962000000000002,9.948,0.0132,0.0132
13.11.2023 06:39:29.940 GMT-0800,9.972000000000001,9.948,0.0132,0.0132
13.11.2023 06:39:30.307 GMT-0800,9.972000000000001,9.958,0.0132,0.0132
13.11.2023 06:39:32.701 GMT-0800,9.972000000000001,9.968,0.009,0.0009
13.11.2023 06:39:32.751 GMT-0800,9.982000000000001,9.968,0.0132,0.0132
13.11.2023 06:39:34.237 GMT-0800,9.972000000000001,9.958,0.0132,0.0132
13.11.2023 06:39:35.708 GMT-0800,9.962000000000002,9.948,0.0132,0.0132
13.11.2023 06:39:36.576 GMT-0800,9.972000000000001,9.948,0.0132,0.0132
13.11.2023 06:39:36.627 GMT-0800,9.962000000000002,9.948,0.0132,0.0132
13.11.2023 06:39:38.287 GMT-0800,9.972000000000001,9.948,0.0132,0.0132
13.11.2023 06:39:40.801 GMT-0800,9.962000000000002,9.948,0.0009,0.0132
13.11.2023 06:39:44.039 GMT-0800,9.972000000000001,9.948,0.0132,0.0132
13.11.2023 06:39:44.103 GMT-0800,9.962000000000002,9.948,0.0009,0.0132
13.11.2023 06:39:44.670 GMT-0800,9.972000000000001,9.948,0.0132,0.0132
13.11.2023 06:39:49.444 GMT-0800,9.972000000000001,9.958,0.0132,0.0009
13.11.2023 06:39:49.596 GMT-0800,9.982000000000001,9.958,0.0132,0.0132
13.11.2023 06:39:51.900 GMT-0800,9.972000000000001,9.958,0.0009,0.0132
13.11.2023 06:40:02.525 GMT-0800,9.982000000000001,9.958,0.0132,0.0132
13.11.2023 06:40:02.634 GMT-0800,9.982000000000001,9.968,0.0132,0.0009
13.11.2023 06:40:02.745 GMT-0800,9.992,9.978,0.0132,0.0132
13.11.2023 06:40:04.069 GMT-0800,9.992,9.968,0.0132,0.0132
13.11.2023 06:40:04.662 GMT-0800,9.992,9.978,0.0132,0.0009
13.11.2023 06:40:04.976 GMT-0800,9.982000000000001,9.978,0.0009,0.009
13.11.2023 06:40:05.116 GMT-0800,9.982000000000001,9.968,0.0132,0.0132
13.11.2023 06:40:06.321 GMT-0800,9.972000000000001,9.958,0.0009,0.0132
13.11.2023 06:40:10.308 GMT-0800,9.972000000000001,9.948,0.0132,0.0132
13.11.2023 06:40:10.595 GMT-0800,9.972000000000001,9.958,0.0132,0.0009
13.11.2023 06:40:10.697 GMT-0800,9.972000000000001,9.948,0.0132,0.0132
13.11.2023 06:40:11.532 GMT-0800,9.962000000000002,9.948,0.0009,0.0132
13.11.2023 06:40:14.663 GMT-0800,9.962000000000002,9.958,0.009,0.0009
13.11.2023 06:40:14.713 GMT-0800,9.972000000000001,9.948,0.0132,0.0132
13.11.2023 06:40:14.805 GMT-0800,9.962000000000002,9.948,0.0009,0.0132
13.11.2023 06:40:15.628 GMT-0800,9.972000000000001,9.958,0.0132,0.0132
13.11.2023 06:40:25.120 GMT-0800,9.962000000000002,9.948,0.0132,0.0132
13.11.2023 06:40:25.845 GMT-0800,9.952,9.938,0.0132,0.0132
13.11.2023 06:40:27.218 GMT-0800,9.952,9.948,0.009,0.0009
13.11.2023 06:40:27.336 GMT-0800,9.962000000000002,9.948,0.0132,0.0132
13.11.2023 06:40:37.230 GMT-0800,9.962000000000002,9.938,0.0132,0.0132
13.11.2023 06:40:37.453 GMT-0800,9.952,9.938,0.0009,0.0132
13.11.2023 06:40:37.564 GMT-0800,9.942,9.938,0.0009,0.009
13.11.2023 06:40:37.615 GMT-0800,9.942,9.927999999999999,0.0132,0.0132
13.11.2023 06:40:44.542 GMT-0800,9.942,9.918,0.0132,0.0132
13.11.2023 06:40:44.817 GMT-0800,9.942,9.927999999999999,0.0132,0.0132
13.11.2023 06:40:45.482 GMT-0800,9.942,9.918,0.0132,0.0132
13.11.2023 06:40:47.234 GMT-0800,9.942,9.927999999999999,0.0132,0.0009
13.11.2023 06:40:47.658 GMT-0800,9.942,9.918,0.0132,0.0132
13.11.2023 06:40:48.791 GMT-0800,9.932,9.918,0.0009,0.0132
13.11.2023 06:40:49.714 GMT-0800,9.932,9.908,0.0132,0.0132
13.11.2023 06:40:50.459 GMT-0800,9.932,9.918,0.0132,0.0009
13.11.2023 06:40:51.533 GMT-0800,9.932,9.908,0.0132,0.0132
13.11.2023 06:40:51.653 GMT-0800,9.932,9.918,0.0132,0.0009
13.11.2023 06:40:54.053 GMT-0800,9.942,9.927999999999999,0.0132,0.0132
13.11.2023 06:40:58.038 GMT-0800,9.942,9.918,0.0132,0.0132
13.11.2023 06:40:59.100 GMT-0800,9.942,9.927999999999999,0.0132,0.0132
13.11.2023 06:41:02.913 GMT-0800,9.942,9.918,0.0132,0.0132
13.11.2023 06:41:03.863 GMT-0800,9.942,9.927999999999999,0.0132,0.0009
13.11.2023 06:41:04.015 GMT-0800,9.932,9.927999999999999,0.0009,0.009
13.11.2023 06:41:04.066 GMT-0800,9.942,9.918,0.0132,0.0132
13.11.2023 06:41:04.116 GMT-0800,9.942,9.927999999999999,0.0132,0.0009
13.11.2023 06:41:06.163 GMT-0800,9.942,9.938,0.009,0.0009
13.11.2023 06:41:06.214 GMT-0800,9.952,9.938,0.0132,0.0132
13.11.2023 06:41:06.712 GMT-0800,9.962000000000002,9.938,0.0132,0.0132
13.11.2023 06:41:06.857 GMT-0800,9.962000000000002,9.948,0.0132,0.0009
13.11.2023 06:41:06.982 GMT-0800,9.952,9.938,0.0132,0.0132
13.11.2023 06:41:11.205 GMT-0800,9.942,9.927999999999999,0.0132,0.0132
13.11.2023 06:41:11.815 GMT-0800,9.932,9.927999999999999,0.0009,0.009
13.11.2023 06:41:11.866 GMT-0800,9.932,9.918,0.0132,0.0132
13.11.2023 06:41:17.281 GMT-0800,9.922,9.918,0.0009,0.009
13.11.2023 06:41:17.332 GMT-0800,9.922,9.908,0.0132,0.0132
13.11.2023 06:41:23.232 GMT-0800,9.912,9.898,0.0132,0.0132
13.11.2023 06:41:34.202 GMT-0800,9.922,9.908,0.0132,0.0132
13.11.2023 06:41:37.124 GMT-0800,9.912,9.908,0.0009,0.009
13.11.2023 06:41:37.175 GMT-0800,9.912,9.898,0.0132,0.0132
13.11.2023 06:41:37.276 GMT-0800,9.922,9.898,0.0132,0.0132
13.11.2023 06:41:37.385 GMT-0800,9.912,9.898,0.0009,0.0132
13.11.2023 06:41:39.510 GMT-0800,9.922,9.898,0.0132,0.0132
13.11.2023 06:41:39.739 GMT-0800,9.922,9.908,0.0132,0.0132
13.11.2023 06:41:40.687 GMT-0800,9.922,9.918,0.009,0.0009
13.11.2023 06:41:40.741 GMT-0800,9.932,9.918,0.0132,0.0132
13.11.2023 06:41:45.280 GMT-0800,9.922,9.918,0.0009,0.009
13.11.2023 06:41:45.382 GMT-0800,9.922,9.908,0.0132,0.0132
13.11.2023 06:41:48.446 GMT-0800,9.912,9.908,0.0009,0.009
13.11.2023 06:41:48.498 GMT-0800,9.912,9.898,0.0132,0.0132
13.11.2023 06:42:05.344 GMT-0800,9.922,9.898,0.0132,0.0132
13.11.2023 06:42:05.400 GMT-0800,9.932,9.918,0.0132,0.0132
13.11.2023 06:42:05.552 GMT-0800,9.942,9.918,0.0132,0.0132
13.11.2023 06:42:05.894 GMT-0800,9.942,9.927999999999999,0.0132,0.0009
13.11.2023 06:42:09.524 GMT-0800,9.942,9.918,0.0132,0.0132
13.11.2023 06:42:09.575 GMT-0800,9.942,9.927999999999999,0.0132,0.0132
13.11.2023 06:42:10.327 GMT-0800,9.932,9.927999999999999,0.0009,0.009
13.11.2023 06:42:10.378 GMT-0800,9.932,9.918,0.0132,0.0132
13.11.2023 06:42:11.563 GMT-0800,9.932,9.927999999999999,0.009,0.0009
13.11.2023 06:42:11.614 GMT-0800,9.942,9.927999999999999,0.0132,0.0132
13.11.2023 06:42:12.261 GMT-0800,9.932,9.918,0.0132,0.0132
13.11.2023 06:42:12.643 GMT-0800,9.942,9.918,0.0132,0.0132
13.11.2023 06:42:15.612 GMT-0800,9.942,9.927999999999999,0.0132,0.0009
13.11.2023 06:42:18.997 GMT-0800,9.952,9.927999999999999,0.0132,0.0132
13.11.2023 06:42:21.654 GMT-0800,9.942,9.927999999999999,0.0009,0.0132
13.11.2023 06:42:26.308 GMT-0800,9.932,9.927999999999999,0.0009,0.009
13.11.2023 06:42:26.424 GMT-0800,9.932,9.918,0.0132,0.0132
13.11.2023 06:42:30.462 GMT-0800,9.922,9.918,0.0009,0.009
13.11.2023 06:42:30.520 GMT-0800,9.922,9.908,0.0132,0.0132
13.11.2023 06:42:30.677 GMT-0800,9.922,9.918,0.009,0.0009
13.11.2023 06:42:30.728 GMT-0800,9.932,9.918,0.0132,0.0132
13.11.2023 06:42:31.630 GMT-0800,9.922,9.918,0.0009,0.009
13.11.2023 06:42:31.731 GMT-0800,9.922,9.908,0.0132,0.0132
13.11.2023 06:42:38.976 GMT-0800,9.912,9.898,0.0132,0.0132
13.11.2023 06:42:40.453 GMT-0800,9.922,9.898,0.0132,0.0132
13.11.2023 06:42:41.403 GMT-0800,9.922,9.908,0.0132,0.0009
13.11.2023 06:42:42.627 GMT-0800,9.922,9.898,0.0132,0.0132
13.11.2023 06:42:43.616 GMT-0800,9.922,9.908,0.0132,0.0009
13.11.2023 06:42:55.680 GMT-0800,9.922,9.918,0.009,0.0009
13.11.2023 06:42:55.731 GMT-0800,9.932,9.918,0.0132,0.0132
13.11.2023 06:42:56.202 GMT-0800,9.922,9.908,0.0132,0.0132
13.11.2023 06:43:14.875 GMT-0800,9.932,9.908,0.0132,0.0132
13.11.2023 06:43:17.268 GMT-0800,9.922,9.908,0.0009,0.0132
13.11.2023 06:43:19.088 GMT-0800,9.922,9.918,0.009,0.0009
13.11.2023 06:43:19.139 GMT-0800,9.932,9.918,0.0132,0.0132
13.11.2023 06:43:20.212 GMT-0800,9.932,9.908,0.0132,0.0132
13.11.2023 06:43:21.166 GMT-0800,9.922,9.908,0.0009,0.0132
13.11.2023 06:43:47.508 GMT-0800,9.922,9.918,0.009,0.0009
13.11.2023 06:43:47.609 GMT-0800,9.932,9.908,0.0132,0.0132
13.11.2023 06:43:47.761 GMT-0800,9.932,9.918,0.0132,0.0009
13.11.2023 06:43:50.907 GMT-0800,9.942,9.927999999999999,0.0132,0.0132
13.11.2023 06:44:00.589 GMT-0800,9.932,9.927999999999999,0.0009,0.009
13.11.2023 06:44:00.640 GMT-0800,9.932,9.918,0.0132,0.0132
13.11.2023 06:44:00.916 GMT-0800,9.932,9.927999999999999,0.009,0.0009
13.11.2023 06:44:00.967 GMT-0800,9.942,9.927999999999999,0.0132,0.0132
13.11.2023 06:44:02.249 GMT-0800,9.932,9.927999999999999,0.0009,0.009
13.11.2023 06:44:02.363 GMT-0800,9.932,9.918,0.0132,0.0132
13.11.2023 06:44:02.781 GMT-0800,9.942,9.918,0.0132,0.0132
13.11.2023 06:44:03.075 GMT-0800,9.932,9.918,0.0009,0.0132
13.11.2023 06:44:04.976 GMT-0800,9.932,9.908,0.0132,0.0132
13.11.2023 06:44:05.498 GMT-0800,9.922,9.908,0.0009,0.0132
13.11.2023 06:44:08.214 GMT-0800,9.932,9.908,0.0132,0.0132
13.11.2023 06:44:09.380 GMT-0800,9.922,9.908,0.0009,0.0132
13.11.2023 06:44:11.198 GMT-0800,9.912,9.898,0.0132,0.0132
13.11.2023 06:44:11.327 GMT-0800,9.922,9.908,0.0132,0.0132
13.11.2023 06:44:11.955 GMT-0800,9.922,9.918,0.009,0.0009
13.11.2023 06:44:12.006 GMT-0800,9.932,9.918,0.0132,0.0132
13.11.2023 06:44:12.305 GMT-0800,9.932,9.908,0.0132,0.0132
13.11.2023 06:44:12.453 GMT-0800,9.922,9.908,0.0132,0.0132
13.11.2023 06:44:14.188 GMT-0800,9.932,9.918,0.0132,0.0132
13.11.2023 06:44:22.106 GMT-0800,9.932,9.927999999999999,0.009,0.0009
13.11.2023 06:44:22.157 GMT-0800,9.942,9.927999999999999,0.0132,0.0132
13.11.2023 06:44:23.077 GMT-0800,9.942,9.918,0.0132,0.0132
13.11.2023 06:44:23.799 GMT-0800,9.932,9.918,0.0009,0.0132
13.11.2023 06:44:29.608 GMT-0800,9.922,9.918,0.0009,0.009
13.11.2023 06:44:29.699 GMT-0800,9.922,9.908,0.0132,0.0132
13.11.2023 06:44:31.384 GMT-0800,9.932,9.908,0.0132,0.0132
13.11.2023 06:44:33.148 GMT-0800,9.922,9.908,0.0009,0.0132
13.11.2023 06:44:39.673 GMT-0800,9.932,9.918,0.0132,0.0132
13.11.2023 06:44:40.723 GMT-0800,9.922,9.908,0.0132,0.0132
13.11.2023 06:44:43.243 GMT-0800,9.922,9.898,0.0132,0.0132
13.11.2023 06:44:44.978 GMT-0800,9.922,9.908,0.0132,0.0132
13.11.2023 06:44:47.424 GMT-0800,9.922,9.898,0.0132,0.0132
13.11.2023 06:44:48.692 GMT-0800,9.912,9.898,0.0009,0.0132
13.11.2023 06:44:50.315 GMT-0800,9.912,9.908,0.009,0.0009
13.11.2023 06:44:50.365 GMT-0800,9.922,9.908,0.0132,0.0132
13.11.2023 06:44:50.669 GMT-0800,9.922,9.898,0.0132,0.0132
13.11.2023 06:44:50.814 GMT-0800,9.912,9.898,0.0009,0.0132
13.11.2023 06:44:53.442 GMT-0800,9.922,9.908,0.0132,0.0132
13.11.2023 06:45:01.754 GMT-0800,9.932,9.918,0.0132,0.0132
13.11.2023 06:45:08.743 GMT-0800,9.922,9.918,0.0009,0.009
13.11.2023 06:45:08.794 GMT-0800,9.922,9.908,0.0132,0.0132
13.11.2023 06:45:23.286 GMT-0800,9.922,9.918,0.009,0.0009
13.11.2023 06:45:23.337 GMT-0800,9.932,9.918,0.0132,0.0132
13.11.2023 06:45:27.486 GMT-0800,9.932,9.927999999999999,0.009,0.0009
13.11.2023 06:45:27.537 GMT-0800,9.942,9.927999999999999,0.0132,0.0132
13.11.2023 06:45:41.034 GMT-0800,9.932,9.927999999999999,0.0009,0.009
13.11.2023 06:45:41.140 GMT-0800,9.932,9.918,0.0132,0.0132
13.11.2023 06:45:42.193 GMT-0800,9.932,9.927999999999999,0.009,0.0009
13.11.2023 06:45:42.244 GMT-0800,9.942,9.927999999999999,0.0132,0.0132
13.11.2023 06:45:44.271 GMT-0800,9.942,9.918,0.0132,0.0132
13.11.2023 06:45:44.583 GMT-0800,9.932,9.918,0.0009,0.0132
13.11.2023 06:45:47.011 GMT-0800,9.932,9.927999999999999,0.009,0.0009
13.11.2023 06:45:47.062 GMT-0800,9.942,9.927999999999999,0.0132,0.0132
13.11.2023 06:45:52.028 GMT-0800,9.952,9.938,0.0132,0.0132
13.11.2023 06:45:54.541 GMT-0800,9.962000000000002,9.948,0.0132,0.0132
13.11.2023 06:45:54.778 GMT-0800,9.952,9.938,0.0132,0.0132
13.11.2023 06:46:03.422 GMT-0800,9.952,9.948,0.009,0.0009
13.11.2023 06:46:03.472 GMT-0800,9.962000000000002,9.948,0.0132,0.0132
13.11.2023 06:46:08.346 GMT-0800,9.952,9.948,0.0009,0.009
13.11.2023 06:46:08.397 GMT-0800,9.952,9.938,0.0132,0.0132
13.11.2023 06:46:10.018 GMT-0800,9.962000000000002,9.948,0.0132,0.0132
13.11.2023 06:46:14.657 GMT-0800,9.972000000000001,9.958,0.0132,0.0132
13.11.2023 06:46:29.962 GMT-0800,10.002,9.978,0.0132,0.0132
13.11.2023 06:46:30.446 GMT-0800,10.002,9.988,0.0132,0.0009
13.11.2023 06:46:34.532 GMT-0800,9.992,9.988,0.0009,0.009
13.11.2023 06:46:34.634 GMT-0800,10.002,9.988,0.012,0.009
13.11.2023 06:46:34.826 GMT-0800,9.982000000000001,9.968,0.0132,0.0132
13.11.2023 06:46:35.083 GMT-0800,9.982000000000001,9.958,0.0132,0.0132
13.11.2023 06:46:35.325 GMT-0800,9.982000000000001,9.968,0.0132,0.0009
13.11.2023 06:46:36.634 GMT-0800,9.982000000000001,9.958,0.0132,0.0132
13.11.2023 06:46:36.684 GMT-0800,9.972000000000001,9.958,0.0009,0.0132
13.11.2023 06:46:37.448 GMT-0800,9.982000000000001,9.968,0.0132,0.0132
13.11.2023 06:46:40.451 GMT-0800,9.992,9.978,0.0132,0.0132
13.11.2023 06:46:44.349 GMT-0800,9.982000000000001,9.978,0.0009,0.009
13.11.2023 06:46:44.399 GMT-0800,9.982000000000001,9.968,0.0132,0.0132
13.11.2023 06:46:44.778 GMT-0800,9.992,9.968,0.0132,0.0132
13.11.2023 06:46:45.323 GMT-0800,9.982000000000001,9.968,0.0009,0.0132
13.11.2023 06:46:46.600 GMT-0800,9.992,9.978,0.0132,0.0132
13.11.2023 06:46:47.501 GMT-0800,9.992,9.988,0.009,0.0009
13.11.2023 06:46:47.551 GMT-0800,9.992,9.978,0.0132,0.0132
13.11.2023 06:46:53.799 GMT-0800,10.002,9.978,0.0132,0.0132
13.11.2023 06:46:54.192 GMT-0800,9.992,9.978,0.0009,0.0132
13.11.2023 06:46:58.371 GMT-0800,9.982000000000001,9.978,0.0009,0.009
13.11.2023 06:46:58.422 GMT-0800,9.982000000000001,9.968,0.0132,0.0132
13.11.2023 06:47:00.405 GMT-0800,9.992,9.978,0.0132,0.0132
13.11.2023 06:47:02.121 GMT-0800,9.982000000000001,9.968,0.0132,0.0132
13.11.2023 06:47:03.302 GMT-0800,9.992,9.968,0.0132,0.0132
13.11.2023 06:47:03.628 GMT-0800,9.992,9.978,0.0132,0.0132
13.11.2023 06:47:04.794 GMT-0800,9.992,9.968,0.0132,0.0132
13.11.2023 06:47:05.303 GMT-0800,9.982000000000001,9.968,0.0009,0.0132
13.11.2023 06:47:05.794 GMT-0800,9.982000000000001,9.978,0.009,0.0009
13.11.2023 06:47:05.845 GMT-0800,9.992,9.978,0.0132,0.0132
13.11.2023 06:47:05.896 GMT-0800,9.982000000000001,9.968,0.0132,0.0132
13.11.2023 06:47:23.569 GMT-0800,9.972000000000001,9.968,0.0009,0.009
13.11.2023 06:47:23.620 GMT-0800,9.972000000000001,9.958,0.0132,0.0132
13.11.2023 06:47:29.420 GMT-0800,9.972000000000001,9.968,0.009,0.0009
13.11.2023 06:47:29.471 GMT-0800,9.982000000000001,9.968,0.0132,0.0132
13.11.2023 06:47:31.488 GMT-0800,9.982000000000001,9.978,0.009,0.0009
13.11.2023 06:47:31.539 GMT-0800,9.992,9.968,0.0132,0.0132
13.11.2023 06:47:33.592 GMT-0800,9.982000000000001,9.968,0.0009,0.0132
13.11.2023 06:47:40.390 GMT-0800,9.972000000000001,9.968,0.0009,0.009
13.11.2023 06:47:40.441 GMT-0800,9.972000000000001,9.958,0.0132,0.0132
13.11.2023 06:47:51.310 GMT-0800,9.972000000000001,9.948,0.0132,0.0132
13.11.2023 06:47:52.120 GMT-0800,9.972000000000001,9.958,0.0132,0.0009
13.11.2023 06:48:09.768 GMT-0800,9.972000000000001,9.968,0.009,0.0009
13.11.2023 06:48:09.818 GMT-0800,9.982000000000001,9.968,0.0132,0.0132
13.11.2023 06:48:10.392 GMT-0800,9.982000000000001,9.958,0.0132,0.0132
13.11.2023 06:48:10.518 GMT-0800,9.982000000000001,9.968,0.0132,0.0009
13.11.2023 06:48:13.435 GMT-0800,9.972000000000001,9.968,0.0009,0.009
13.11.2023 06:48:13.486 GMT-0800,9.972000000000001,9.958,0.0132,0.0132
13.11.2023 06:48:59.514 GMT-0800,9.962000000000002,9.958,0.0009,0.009
13.11.2023 06:48:59.565 GMT-0800,9.962000000000002,9.948,0.0132,0.0132
13.11.2023 06:49:02.298 GMT-0800,9.972000000000001,9.948,0.0132,0.0132
13.11.2023 06:49:04.525 GMT-0800,9.972000000000001,9.958,0.0132,0.0009
13.11.2023 06:49:04.684 GMT-0800,9.982000000000001,9.968,0.0132,0.0132
13.11.2023 06:49:04.793 GMT-0800,9.982000000000001,9.958,0.0132,0.0132
13.11.2023 06:49:05.563 GMT-0800,9.982000000000001,9.968,0.0132,0.0009
13.11.2023 06:49:10.302 GMT-0800,9.992,9.978,0.0132,0.0132
13.11.2023 06:49:10.405 GMT-0800,10.002,9.978,0.0132,0.0132
13.11.2023 06:49:11.060 GMT-0800,9.992,9.978,0.0009,0.0132
13.11.2023 06:49:15.799 GMT-0800,10.002,9.988,0.0132,0.0132
13.11.2023 06:49:23.778 GMT-0800,10.012,9.998,0.0132,0.0132
13.11.2023 06:49:23.907 GMT-0800,10.012,9.988,0.0132,0.0132
13.11.2023 06:49:23.968 GMT-0800,10.012,9.998,0.0132,0.0009
13.11.2023 06:49:24.360 GMT-0800,10.002,9.998,0.0009,0.009
13.11.2023 06:49:24.411 GMT-0800,10.012,9.998,0.0132,0.0132
13.11.2023 06:49:29.772 GMT-0800,10.002,9.988,0.0132,0.0132
13.11.2023 06:49:32.213 GMT-0800,9.992,9.978,0.0132,0.0132
13.11.2023 06:49:57.833 GMT-0800,10.002,9.988,0.0132,0.0132
13.11.2023 06:49:57.949 GMT-0800,10.012,9.998,0.0132,0.0132
13.11.2023 06:50:21.613 GMT-0800,10.022,9.998,0.0132,0.0132
13.11.2023 06:50:22.765 GMT-0800,10.012,9.998,0.0009,0.0132
13.11.2023 06:50:34.261 GMT-0800,10.022,10.008,0.0132,0.0132
13.11.2023 06:50:35.126 GMT-0800,10.032,10.017999999999999,0.0132,0.0132
13.11.2023 06:50:45.001 GMT-0800,10.042,10.017999999999999,0.0132,0.0132
13.11.2023 06:50:46.719 GMT-0800,10.032,10.017999999999999,0.0009,0.0132
13.11.2023 06:50:50.646 GMT-0800,10.032,10.028,0.009,0.0009
13.11.2023 06:50:50.697 GMT-0800,10.042,10.028,0.0132,0.0132
13.11.2023 06:50:52.528 GMT-0800,10.052000000000001,10.028,0.0132,0.0132
13.11.2023 06:50:53.053 GMT-0800,10.042,10.028,0.0009,0.0132
13.11.2023 06:50:54.782 GMT-0800,10.042,10.038,0.009,0.0009
13.11.2023 06:50:54.832 GMT-0800,10.052000000000001,10.038,0.0132,0.0132
13.11.2023 06:51:01.968 GMT-0800,10.052000000000001,10.048,0.009,0.0009
13.11.2023 06:51:02.018 GMT-0800,10.062000000000001,10.048,0.0132,0.0132
13.11.2023 06:51:05.620 GMT-0800,10.072000000000001,10.048,0.0132,0.0132
13.11.2023 06:51:05.939 GMT-0800,10.062000000000001,10.048,0.0009,0.0132
13.11.2023 06:51:05.990 GMT-0800,10.072000000000001,10.048,0.0132,0.0132
13.11.2023 06:51:07.275 GMT-0800,10.062000000000001,10.048,0.0009,0.0132
13.11.2023 06:51:07.477 GMT-0800,10.072000000000001,10.048,0.0132,0.0132
13.11.2023 06:51:08.498 GMT-0800,10.062000000000001,10.048,0.0009,0.0132
13.11.2023 06:51:11.529 GMT-0800,10.072000000000001,10.058,0.0132,0.0132
13.11.2023 06:51:15.055 GMT-0800,10.072000000000001,10.048,0.0132,0.0132
13.11.2023 06:51:15.363 GMT-0800,10.072000000000001,10.058,0.0132,0.0009
13.11.2023 06:51:19.658 GMT-0800,10.062000000000001,10.058,0.0009,0.009
13.11.2023 06:51:19.708 GMT-0800,10.062000000000001,10.048,0.0132,0.0132
13.11.2023 06:51:20.634 GMT-0800,10.072000000000001,10.048,0.0132,0.0132
13.11.2023 06:51:20.735 GMT-0800,10.072000000000001,10.058,0.0132,0.0132
13.11.2023 06:51:21.993 GMT-0800,10.062000000000001,10.058,0.0009,0.009
13.11.2023 06:51:22.044 GMT-0800,10.062000000000001,10.048,0.0132,0.0132
13.11.2023 06:51:24.401 GMT-0800,10.052000000000001,10.048,0.0009,0.009
13.11.2023 06:51:24.457 GMT-0800,10.052000000000001,10.038,0.0132,0.0132
13.11.2023 06:51:26.046 GMT-0800,10.062000000000001,10.038,0.0132,0.0132
13.11.2023 06:51:26.891 GMT-0800,10.052000000000001,10.038,0.0009,0.0132
13.11.2023 06:51:29.680 GMT-0800,10.052000000000001,10.048,0.009,0.0009
13.11.2023 06:51:29.731 GMT-0800,10.062000000000001,10.048,0.0132,0.0132
13.11.2023 06:51:30.816 GMT-0800,10.062000000000001,10.038,0.0132,0.0132
13.11.2023 06:51:30.917 GMT-0800,10.062000000000001,10.048,0.0132,0.0132
13.11.2023 06:51:46.997 GMT-0800,10.072000000000001,10.058,0.0132,0.0132
13.11.2023 06:51:58.647 GMT-0800,10.072000000000001,10.068,0.009,0.0009
13.11.2023 06:51:58.698 GMT-0800,10.092,10.068,0.0132,0.0132
13.11.2023 06:51:59.201 GMT-0800,10.092,10.078,0.0132,0.0132
13.11.2023 06:52:02.349 GMT-0800,10.092,10.088,0.009,0.0009
13.11.2023 06:52:02.400 GMT-0800,10.102,10.078,0.0132,0.0132
13.11.2023 06:52:02.451 GMT-0800,10.102,10.088,0.0132,0.0132
13.11.2023 06:52:02.619 GMT-0800,10.092,10.078,0.0132,0.0132
13.11.2023 06:52:06.887 GMT-0800,10.082,10.078,0.0009,0.009
13.11.2023 06:52:06.938 GMT-0800,10.082,10.068,0.0132,0.0132
13.11.2023 06:52:15.748 GMT-0800,10.072000000000001,10.058,0.0132,0.0132
13.11.2023 06:52:25.700 GMT-0800,10.062000000000001,10.058,0.0009,0.009
13.11.2023 06:52:25.750 GMT-0800,10.062000000000001,10.048,0.0132,0.0132
13.11.2023 06:52:30.483 GMT-0800,10.062000000000001,10.058,0.009,0.0009
13.11.2023 06:52:30.534 GMT-0800,10.072000000000001,10.058,0.0132,0.0132
13.11.2023 06:52:33.975 GMT-0800,10.062000000000001,10.058,0.0009,0.009
13.11.2023 06:52:34.026 GMT-0800,10.062000000000001,10.048,0.0132,0.0132
13.11.2023 06:52:34.380 GMT-0800,10.052000000000001,10.048,0.0009,0.009
13.11.2023 06:52:34.440 GMT-0800,10.052000000000001,10.038,0.0132,0.0132
13.11.2023 06:52:37.417 GMT-0800,10.042,10.038,0.0009,0.009
13.11.2023 06:52:37.468 GMT-0800,10.042,10.028,0.0132,0.0132
13.11.2023 06:52:39.302 GMT-0800,10.042,10.017999999999999,0.0132,0.0132
13.11.2023 06:52:41.807 GMT-0800,10.042,10.028,0.0132,0.0009
13.11.2023 06:52:43.492 GMT-0800,10.042,10.017999999999999,0.0132,0.0132
13.11.2023 06:52:44.680 GMT-0800,10.032,10.017999999999999,0.0009,0.0132
13.11.2023 06:53:05.740 GMT-0800,10.022,10.017999999999999,0.0009,0.009
13.11.2023 06:53:05.790 GMT-0800,10.022,9.998,0.0132,0.0132
13.11.2023 06:53:07.715 GMT-0800,10.022,10.008,0.0132,0.0009
13.11.2023 06:53:29.919 GMT-0800,10.022,9.998,0.0132,0.0132
13.11.2023 06:53:32.171 GMT-0800,10.012,9.998,0.0009,0.0132
13.11.2023 06:53:33.817 GMT-0800,10.012,9.988,0.0132,0.0132
13.11.2023 06:53:34.052 GMT-0800,10.012,9.998,0.0132,0.0009
13.11.2023 06:53:46.449 GMT-0800,10.002,9.998,0.0009,0.009
13.11.2023 06:53:46.500 GMT-0800,10.002,9.988,0.0132,0.0132
13.11.2023 06:53:46.647 GMT-0800,9.992,9.988,0.0009,0.009
13.11.2023 06:53:46.697 GMT-0800,9.992,9.978,0.0132,0.0132
13.11.2023 06:53:47.437 GMT-0800,9.992,9.968,0.0132,0.0132
13.11.2023 06:53:47.710 GMT-0800,9.992,9.978,0.0132,0.0009
13.11.2023 06:53:49.182 GMT-0800,9.982000000000001,9.968,0.0132,0.0132
13.11.2023 06:53:50.189 GMT-0800,9.992,9.978,0.0132,0.0132
13.11.2023 06:53:50.764 GMT-0800,9.982000000000001,9.978,0.0009,0.009
13.11.2023 06:53:50.865 GMT-0800,9.982000000000001,9.968,0.0132,0.0132
13.11.2023 06:53:53.920 GMT-0800,9.982000000000001,9.978,0.009,0.0009
13.11.2023 06:53:53.971 GMT-0800,9.992,9.978,0.0132,0.0132
13.11.2023 06:53:56.589 GMT-0800,10.002,9.978,0.0132,0.0132
13.11.2023 06:53:56.927 GMT-0800,10.002,9.988,0.0132,0.0009
13.11.2023 06:53:58.698 GMT-0800,9.992,9.978,0.0132,0.0132
13.11.2023 06:53:58.748 GMT-0800,10.002,9.978,0.0132,0.0132
13.11.2023 06:53:58.849 GMT-0800,10.002,9.988,0.0132,0.0009
13.11.2023 06:54:05.008 GMT-0800,10.002,9.998,0.009,0.0009
13.11.2023 06:54:05.059 GMT-0800,10.002,9.988,0.0132,0.0132
13.11.2023 06:54:06.072 GMT-0800,9.992,9.988,0.0009,0.009
13.11.2023 06:54:06.124 GMT-0800,9.992,9.978,0.0132,0.0132
13.11.2023 06:54:07.896 GMT-0800,9.992,9.968,0.0132,0.0132
13.11.2023 06:54:08.213 GMT-0800,9.992,9.978,0.0132,0.0009
13.11.2023 06:54:15.370 GMT-0800,9.992,9.968,0.0132,0.0132
13.11.2023 06:54:15.620 GMT-0800,9.982000000000001,9.968,0.0009,0.0132
13.11.2023 06:54:17.791 GMT-0800,9.992,9.978,0.0132,0.0132
13.11.2023 06:54:39.797 GMT-0800,9.982000000000001,9.968,0.0132,0.0132
13.11.2023 06:54:46.872 GMT-0800,9.972000000000001,9.968,0.0009,0.009
13.11.2023 06:54:46.973 GMT-0800,9.972000000000001,9.958,0.0132,0.0132
13.11.2023 06:54:49.172 GMT-0800,9.972000000000001,9.948,0.0132,0.0132
13.11.2023 06:54:50.563 GMT-0800,9.962000000000002,9.948,0.0009,0.0132
13.11.2023 06:55:02.309 GMT-0800,9.952,9.938,0.0132,0.0132
13.11.2023 06:55:02.410 GMT-0800,9.962000000000002,9.948,0.0132,0.0132
13.11.2023 06:55:04.127 GMT-0800,9.952,9.948,0.0009,0.009
13.11.2023 06:55:04.522 GMT-0800,9.952,9.938,0.0132,0.0132
13.11.2023 06:55:21.649 GMT-0800,9.942,9.938,0.0009,0.009
13.11.2023 06:55:21.700 GMT-0800,9.942,9.927999999999999,0.0132,0.0132
13.11.2023 06:55:48.189 GMT-0800,9.952,9.938,0.0132,0.0132
13.11.2023 06:55:49.550 GMT-0800,9.962000000000002,9.938,0.0132,0.0132
13.11.2023 06:55:51.468 GMT-0800,9.952,9.938,0.0132,0.0132
13.11.2023 06:55:53.296 GMT-0800,9.942,9.938,0.0009,0.009
13.11.2023 06:55:53.346 GMT-0800,9.942,9.927999999999999,0.0132,0.0132
13.11.2023 06:55:54.426 GMT-0800,9.932,9.918,0.0132,0.0132
13.11.2023 06:55:54.543 GMT-0800,9.932,9.927999999999999,0.009,0.0009
13.11.2023 06:55:54.593 GMT-0800,9.942,9.927999999999999,0.0132,0.0132
13.11.2023 06:56:01.359 GMT-0800,9.942,9.938,0.009,0.0009
13.11.2023 06:56:01.410 GMT-0800,9.952,9.938,0.0132,0.0132
13.11.2023 06:56:10.658 GMT-0800,9.952,9.927999999999999,0.0132,0.0132
13.11.2023 06:56:11.018 GMT-0800,9.952,9.938,0.0132,0.0009
13.11.2023 06:56:16.275 GMT-0800,9.952,9.948,0.009,0.0009
13.11.2023 06:56:16.326 GMT-0800,9.952,9.938,0.0132,0.0132
13.11.2023 06:56:17.359 GMT-0800,9.942,9.938,0.0009,0.009
13.11.2023 06:56:17.410 GMT-0800,9.942,9.927999999999999,0.0132,0.0132
13.11.2023 06:56:24.901 GMT-0800,9.942,9.918,0.0132,0.0132
13.11.2023 06:56:27.074 GMT-0800,9.932,9.918,0.0009,0.0132
13.11.2023 06:56:28.272 GMT-0800,9.932,9.908,0.0132,0.0132
13.11.2023 06:56:28.581 GMT-0800,9.922,9.908,0.0009,0.0132
13.11.2023 06:56:47.431 GMT-0800,9.922,9.918,0.009,0.0009
13.11.2023 06:56:47.557 GMT-0800,9.932,9.918,0.0132,0.0132
13.11.2023 06:57:08.137 GMT-0800,9.942,9.927999999999999,0.0132,0.0132
13.11.2023 06:57:16.052 GMT-0800,9.932,9.927999999999999,0.0009,0.009
13.11.2023 06:57:16.103 GMT-0800,9.932,9.918,0.0132,0.0132
13.11.2023 06:57:21.559 GMT-0800,9.922,9.908,0.0132,0.0132
13.11.2023 06:57:22.185 GMT-0800,9.922,9.898,0.0132,0.0132
13.11.2023 06:57:22.714 GMT-0800,9.922,9.908,0.0132,0.0009
13.11.2023 06:57:32.087 GMT-0800,9.922,9.918,0.009,0.0009
13.11.2023 06:57:32.138 GMT-0800,9.932,9.918,0.0132,0.0132
13.11.2023 06:57:32.508 GMT-0800,9.932,9.908,0.0132,0.0132
13.11.2023 06:57:33.402 GMT-0800,9.932,9.918,0.0132,0.0009
13.11.2023 06:57:34.337 GMT-0800,9.932,9.908,0.0132,0.0132
13.11.2023 06:57:35.339 GMT-0800,9.922,9.908,0.0009,0.0132
13.11.2023 06:57:39.836 GMT-0800,9.922,9.918,0.009,0.0009
13.11.2023 06:57:39.887 GMT-0800,9.932,9.918,0.0132,0.0132
13.11.2023 06:57:48.286 GMT-0800,9.932,9.927999999999999,0.009,0.0009
13.11.2023 06:57:48.336 GMT-0800,9.942,9.927999999999999,0.0132,0.0132
13.11.2023 06:57:50.264 GMT-0800,9.952,9.927999999999999,0.0132,0.0132
13.11.2023 06:57:51.532 GMT-0800,9.952,9.938,0.0132,0.0009
13.11.2023 06:57:53.761 GMT-0800,9.962000000000002,9.938,0.0132,0.0132
13.11.2023 06:57:54.095 GMT-0800,9.962000000000002,9.948,0.0132,0.0009
13.11.2023 06:58:10.903 GMT-0800,9.972000000000001,9.948,0.0132,0.0132
13.11.2023 06:58:10.954 GMT-0800,9.972000000000001,9.958,0.0132,0.0132
13.11.2023 06:58:15.283 GMT-0800,9.972000000000001,9.968,0.009,0.0009
13.11.2023 06:58:15.334 GMT-0800,9.972000000000001,9.958,0.0132,0.0132
13.11.2023 06:58:19.327 GMT-0800,9.962000000000002,9.948,0.0132,0.0132
13.11.2023 06:58:34.319 GMT-0800,9.962000000000002,9.958,0.009,0.0009
13.11.2023 06:58:34.370 GMT-0800,9.972000000000001,9.958,0.0132,0.0132
13.11.2023 06:58:34.752 GMT-0800,9.972000000000001,9.968,0.009,0.0009
13.11.2023 06:58:34.803 GMT-0800,9.982000000000001,9.968,0.0132,0.0132
13.11.2023 06:58:35.153 GMT-0800,9.972000000000001,9.958,0.0132,0.0132
13.11.2023 06:58:35.539 GMT-0800,9.982000000000001,9.968,0.0132,0.0132
13.11.2023 06:58:35.827 GMT-0800,9.982000000000001,9.978,0.009,0.0009
13.11.2023 06:58:35.878 GMT-0800,9.992,9.978,0.0132,0.0132
13.11.2023 06:58:36.379 GMT-0800,9.992,9.968,0.0132,0.0132
13.11.2023 06:58:36.719 GMT-0800,9.992,9.978,0.0132,0.0009
13.11.2023 06:58:39.342 GMT-0800,9.992,9.968,0.0132,0.0132
13.11.2023 06:58:43.263 GMT-0800,9.992,9.978,0.0132,0.0009
13.11.2023 06:58:45.215 GMT-0800,9.992,9.968,0.0132,0.0132
13.11.2023 06:58:45.702 GMT-0800,9.992,9.978,0.0132,0.0009
13.11.2023 06:58:50.551 GMT-0800,9.992,9.968,0.0132,0.0132
13.11.2023 06:58:51.400 GMT-0800,9.982000000000001,9.968,0.0009,0.0132
13.11.2023 06:58:51.501 GMT-0800,9.982000000000001,9.958,0.0132,0.0132
13.11.2023 06:59:03.142 GMT-0800,9.972000000000001,9.958,0.0009,0.0132
13.11.2023 06:59:04.160 GMT-0800,9.972000000000001,9.968,0.009,0.0009
13.11.2023 06:59:04.211 GMT-0800,9.982000000000001,9.968,0.0132,0.0132
13.11.2023 06:59:08.794 GMT-0800,9.972000000000001,9.958,0.0132,0.0132
13.11.2023 06:59:16.549 GMT-0800,9.962000000000002,9.948,0.0132,0.0132
13.11.2023 06:59:17.093 GMT-0800,9.962000000000002,9.938,0.0132,0.0132
13.11.2023 06:59:17.716 GMT-0800,9.962000000000002,9.948,0.0132,0.0009
13.11.2023 06:59:18.309 GMT-0800,9.962000000000002,9.938,0.0132,0.0132
13.11.2023 06:59:18.751 GMT-0800,9.962000000000002,9.948,0.0132,0.0009
13.11.2023 06:59:19.563 GMT-0800,9.952,9.948,0.0009,0.009
13.11.2023 06:59:19.614 GMT-0800,9.952,9.938,0.0132,0.0132
13.11.2023 06:59:23.048 GMT-0800,9.952,9.927999999999999,0.0132,0.0132
13.11.2023 06:59:24.933 GMT-0800,9.942,9.927999999999999,0.0009,0.0132
13.11.2023 06:59:34.365 GMT-0800,9.952,9.938,0.0132,0.0132
13.11.2023 07:00:00.666 GMT-0800,9.952,9.927999999999999,0.0132,0.0132
13.11.2023 07:00:01.154 GMT-0800,9.952,9.938,0.0132,0.0009
13.11.2023 07:00:10.371 GMT-0800,9.952,9.927999999999999,0.0132,0.0132
13.11.2023 07:00:11.461 GMT-0800,9.942,9.927999999999999,0.0009,0.0132
13.11.2023 07:00:12.195 GMT-0800,9.932,9.918,0.0132,0.0132
13.11.2023 07:00:30.851 GMT-0800,9.942,9.927999999999999,0.0132,0.0132
13.11.2023 07:00:42.707 GMT-0800,9.952,9.938,0.0132,0.0132
13.11.2023 07:00:49.661 GMT-0800,9.942,9.938,0.0009,0.009
13.11.2023 07:00:49.720 GMT-0800,9.942,9.927999999999999,0.0132,0.0132
13.11.2023 07:00:53.462 GMT-0800,9.942,9.918,0.0132,0.0132
13.11.2023 07:00:54.883 GMT-0800,9.932,9.918,0.0009,0.0132
13.11.2023 07:00:59.814 GMT-0800,9.942,9.927999999999999,0.0132,0.0132
13.11.2023 07:01:22.282 GMT-0800,9.952,9.938,0.0132,0.0132
13.11.2023 07:01:31.126 GMT-0800,9.952,9.927999999999999,0.0132,0.0132
13.11.2023 07:01:31.485 GMT-0800,9.942,9.927999999999999,0.0009,0.0132
13.11.2023 07:01:52.362 GMT-0800,9.952,9.938,0.0132,0.0132
13.11.2023 07:02:00.883 GMT-0800,9.942,9.927999999999999,0.0132,0.0132
13.11.2023 07:02:06.550 GMT-0800,9.942,9.938,0.009,0.0009
13.11.2023 07:02:06.601 GMT-0800,9.952,9.938,0.0132,0.0132
13.11.2023 07:02:15.883 GMT-0800,9.942,9.938,0.0009,0.009
13.11.2023 07:02:15.934 GMT-0800,9.942,9.927999999999999,0.0009,0.0132
13.11.2023 07:02:15.985 GMT-0800,9.952,9.927999999999999,0.0132,0.0132
13.11.2023 07:02:16.036 GMT-0800,9.942,9.927999999999999,0.0132,0.0132
13.11.2023 07:02:16.782 GMT-0800,9.942,9.938,0.009,0.0009
13.11.2023 07:02:16.833 GMT-0800,9.952,9.938,0.0132,0.0132
13.11.2023 07:02:33.740 GMT-0800,9.962000000000002,9.948,0.0132,0.0132
13.11.2023 07:02:51.689 GMT-0800,9.972000000000001,9.958,0.0132,0.0132
13.11.2023 07:02:57.748 GMT-0800,9.982000000000001,9.968,0.0132,0.0132
13.11.2023 07:03:14.145 GMT-0800,9.992,9.978,0.0132,0.0132
13.11.2023 07:03:20.042 GMT-0800,9.992,9.988,0.009,0.0009
13.11.2023 07:03:20.093 GMT-0800,10.002,9.988,0.0132,0.0132
13.11.2023 07:03:22.956 GMT-0800,10.012,9.998,0.0132,0.0132
13.11.2023 07:03:23.057 GMT-0800,10.002,9.988,0.0132,0.0132
13.11.2023 07:03:26.104 GMT-0800,10.012,9.998,0.0132,0.0132
13.11.2023 07:03:27.805 GMT-0800,10.022,10.008,0.0132,0.0132
13.11.2023 07:03:31.878 GMT-0800,10.032,10.017999999999999,0.0132,0.0132
13.11.2023 07:03:38.046 GMT-0800,10.032,10.028,0.009,0.0009
13.11.2023 07:03:38.097 GMT-0800,10.042,10.028,0.0132,0.0132
13.11.2023 07:03:43.029 GMT-0800,10.032,10.017999999999999,0.0132,0.0132
13.11.2023 07:03:47.177 GMT-0800,10.032,10.008,0.0132,0.0132
13.11.2023 07:03:47.503 GMT-0800,10.022,10.008,0.0009,0.0132
13.11.2023 07:03:48.582 GMT-0800,10.032,10.008,0.0132,0.0132
13.11.2023 07:03:49.159 GMT-0800,10.032,10.017999999999999,0.0132,0.0009
13.11.2023 07:03:57.217 GMT-0800,10.032,10.008,0.0132,0.0132
13.11.2023 07:03:57.271 GMT-0800,10.022,10.008,0.0009,0.0132
13.11.2023 07:04:09.361 GMT-0800,10.012,9.998,0.0132,0.0132
13.11.2023 07:04:12.023 GMT-0800,10.022,10.008,0.0132,0.0132
13.11.2023 07:04:20.897 GMT-0800,10.032,10.017999999999999,0.0132,0.0132
13.11.2023 07:04:21.922 GMT-0800,10.032,10.008,0.0132,0.0132
13.11.2023 07:04:23.252 GMT-0800,10.032,10.017999999999999,0.0132,0.0009
13.11.2023 07:04:24.298 GMT-0800,10.032,10.008,0.0132,0.0132
13.11.2023 07:04:25.572 GMT-0800,10.022,10.008,0.0009,0.0132
13.11.2023 07:04:30.546 GMT-0800,10.022,10.017999999999999,0.009,0.0009
13.11.2023 07:04:30.597 GMT-0800,10.032,10.017999999999999,0.0132,0.0132
13.11.2023 07:04:57.020 GMT-0800,10.042,10.028,0.0132,0.0132
13.11.2023 07:05:00.699 GMT-0800,10.052000000000001,10.038,0.0132,0.0132
13.11.2023 07:05:02.135 GMT-0800,10.042,10.028,0.0132,0.0132
13.11.2023 07:05:04.606 GMT-0800,10.042,10.017999999999999,0.0132,0.0132
13.11.2023 07:05:04.657 GMT-0800,10.032,10.017999999999999,0.0132,0.0132
13.11.2023 07:05:25.871 GMT-0800,10.032,10.028,0.009,0.0009
13.11.2023 07:05:26.094 GMT-0800,10.042,10.028,0.0132,0.0132
13.11.2023 07:05:31.244 GMT-0800,10.032,10.028,0.0009,0.009
13.11.2023 07:05:31.295 GMT-0800,10.032,10.017999999999999,0.0132,0.0132
13.11.2023 07:05:41.162 GMT-0800,10.032,10.028,0.009,0.0009
13.11.2023 07:05:41.213 GMT-0800,10.042,10.028,0.0132,0.0132
13.11.2023 07:06:09.051 GMT-0800,10.032,10.028,0.0009,0.009
13.11.2023 07:06:09.102 GMT-0800,10.032,10.017999999999999,0.0132,0.0132
13.11.2023 07:06:34.079 GMT-0800,10.042,10.028,0.0132,0.0132
13.11.2023 07:06:54.743 GMT-0800,10.042,10.038,0.009,0.0009
13.11.2023 07:06:54.793 GMT-0800,10.052000000000001,10.038,0.0132,0.0132
13.11.2023 07:06:55.155 GMT-0800,10.052000000000001,10.048,0.009,0.0009
13.11.2023 07:06:55.205 GMT-0800,10.062000000000001,10.048,0.0132,0.0132
13.11.2023 07:07:06.538 GMT-0800,10.062000000000001,10.058,0.009,0.0009
13.11.2023 07:07:06.589 GMT-0800,10.062000000000001,10.048,0.0132,0.0132
13.11.2023 07:07:20.410 GMT-0800,10.062000000000001,10.058,0.009,0.0009
13.11.2023 07:07:20.511 GMT-0800,10.072000000000001,10.058,0.0132,0.0132
13.11.2023 07:07:31.605 GMT-0800,10.082,10.068,0.0132,0.0132
13.11.2023 07:07:36.976 GMT-0800,10.072000000000001,10.068,0.0009,0.009
13.11.2023 07:07:37.087 GMT-0800,10.072000000000001,10.058,0.0132,0.0132
13.11.2023 07:07:38.663 GMT-0800,10.082,10.068,0.0132,0.009
13.11.2023 07:07:38.713 GMT-0800,10.082,10.058,0.0132,0.0132
13.11.2023 07:07:40.401 GMT-0800,10.072000000000001,10.058,0.0009,0.0132
13.11.2023 07:08:08.314 GMT-0800,10.082,10.068,0.0132,0.0132
13.11.2023 07:08:08.598 GMT-0800,10.072000000000001,10.068,0.0009,0.009
13.11.2023 07:08:08.700 GMT-0800,10.072000000000001,10.058,0.0132,0.0132
13.11.2023 07:08:20.120 GMT-0800,10.072000000000001,10.068,0.009,0.0009
13.11.2023 07:08:20.499 GMT-0800,10.082,10.068,0.0132,0.0132
13.11.2023 07:08:34.499 GMT-0800,10.082,10.078,0.009,0.0009
13.11.2023 07:08:34.550 GMT-0800,10.092,10.078,0.0132,0.0132
13.11.2023 07:08:35.893 GMT-0800,10.102,10.078,0.0132,0.0132
13.11.2023 07:08:37.553 GMT-0800,10.092,10.078,0.0009,0.0132
13.11.2023 07:08:37.979 GMT-0800,10.082,10.078,0.0009,0.009
13.11.2023 07:08:38.029 GMT-0800,10.082,10.068,0.0132,0.0132
13.11.2023 07:08:44.978 GMT-0800,10.082,10.078,0.009,0.0009
13.11.2023 07:08:45.029 GMT-0800,10.092,10.078,0.0132,0.0132
13.11.2023 07:08:54.623 GMT-0800,10.072000000000001,10.058,0.0132,0.0132
13.11.2023 07:08:55.290 GMT-0800,10.072000000000001,10.048,0.0132,0.0132
13.11.2023 07:08:55.712 GMT-0800,10.072000000000001,10.058,0.0132,0.0009
13.11.2023 07:08:58.254 GMT-0800,10.072000000000001,10.068,0.009,0.0009
13.11.2023 07:08:58.305 GMT-0800,10.082,10.068,0.0132,0.0132
13.11.2023 07:09:01.845 GMT-0800,10.092,10.068,0.0132,0.0132
13.11.2023 07:09:04.621 GMT-0800,10.082,10.068,0.0009,0.0132
13.11.2023 07:09:07.343 GMT-0800,10.092,10.078,0.0132,0.0132
13.11.2023 07:09:09.801 GMT-0800,10.082,10.068,0.0132,0.0132
13.11.2023 07:09:22.816 GMT-0800,10.092,10.068,0.0132,0.0132
13.11.2023 07:09:23.080 GMT-0800,10.082,10.068,0.0009,0.0132
13.11.2023 07:09:23.235 GMT-0800,10.092,10.078,0.0132,0.0132
13.11.2023 07:09:23.702 GMT-0800,10.102,10.088,0.0132,0.0132
13.11.2023 07:09:27.148 GMT-0800,10.102,10.097999999999999,0.009,0.0009
13.11.2023 07:09:27.199 GMT-0800,10.112,10.097999999999999,0.0132,0.0132
13.11.2023 07:09:30.312 GMT-0800,10.102,10.097999999999999,0.0009,0.009
13.11.2023 07:09:30.362 GMT-0800,10.102,10.088,0.0132,0.0132
13.11.2023 07:09:33.389 GMT-0800,10.092,10.078,0.0132,0.0132
13.11.2023 07:09:45.416 GMT-0800,10.092,10.088,0.009,0.0009
13.11.2023 07:09:45.467 GMT-0800,10.102,10.088,0.0132,0.0132
13.11.2023 07:09:49.930 GMT-0800,10.112,10.097999999999999,0.0132,0.0132
13.11.2023 07:09:56.306 GMT-0800,10.102,10.088,0.0132,0.0132
13.11.2023 07:10:02.109 GMT-0800,10.092,10.088,0.0009,0.009
13.11.2023 07:10:02.160 GMT-0800,10.092,10.078,0.0132,0.0132
13.11.2023 07:10:05.520 GMT-0800,10.082,10.078,0.0009,0.009
13.11.2023 07:10:05.571 GMT-0800,10.082,10.068,0.0132,0.0132
13.11.2023 07:10:13.865 GMT-0800,10.072000000000001,10.068,0.0009,0.009
13.11.2023 07:10:13.915 GMT-0800,10.072000000000001,10.058,0.0132,0.0132
13.11.2023 07:10:14.420 GMT-0800,10.062000000000001,10.048,0.0132,0.0132
13.11.2023 07:10:18.104 GMT-0800,10.062000000000001,10.058,0.009,0.0009
13.11.2023 07:10:18.155 GMT-0800,10.072000000000001,10.058,0.0132,0.0132
13.11.2023 07:10:21.127 GMT-0800,10.072000000000001,10.068,0.009,0.0009
13.11.2023 07:10:21.177 GMT-0800,10.082,10.068,0.0132,0.0132
13.11.2023 07:10:21.268 GMT-0800,10.072000000000001,10.068,0.0009,0.009
13.11.2023 07:10:21.319 GMT-0800,10.072000000000001,10.058,0.0132,0.0132
13.11.2023 07:10:23.623 GMT-0800,10.092,10.068,0.0132,0.0132
13.11.2023 07:10:23.999 GMT-0800,10.082,10.068,0.0132,0.0132
13.11.2023 07:10:37.717 GMT-0800,10.072000000000001,10.068,0.0009,0.009
13.11.2023 07:10:37.848 GMT-0800,10.072000000000001,10.058,0.0132,0.0132
13.11.2023 07:10:40.718 GMT-0800,10.062000000000001,10.058,0.0009,0.009
13.11.2023 07:10:40.824 GMT-0800,10.072000000000001,10.058,0.0132,0.009
13.11.2023 07:10:41.268 GMT-0800,10.062000000000001,10.048,0.0132,0.0132
13.11.2023 07:10:44.681 GMT-0800,10.052000000000001,10.048,0.0009,0.009
13.11.2023 07:10:45.507 GMT-0800,10.052000000000001,10.038,0.0132,0.0132
13.11.2023 07:10:53.389 GMT-0800,10.052000000000001,10.048,0.009,0.0009
13.11.2023 07:10:53.439 GMT-0800,10.062000000000001,10.048,0.0132,0.0132
13.11.2023 07:10:55.282 GMT-0800,10.072000000000001,10.058,0.0132,0.0132
13.11.2023 07:10:56.189 GMT-0800,10.062000000000001,10.048,0.0132,0.0132
13.11.2023 07:11:15.497 GMT-0800,10.062000000000001,10.058,0.009,0.0009
13.11.2023 07:11:15.548 GMT-0800,10.082,10.058,0.0132,0.0132
13.11.2023 07:11:16.398 GMT-0800,10.072000000000001,10.058,0.0009,0.0132
13.11.2023 07:11:18.338 GMT-0800,10.082,10.068,0.0132,0.0132
13.11.2023 07:11:25.043 GMT-0800,10.082,10.078,0.009,0.0009
13.11.2023 07:11:25.094 GMT-0800,10.082,10.068,0.0132,0.0132
13.11.2023 07:11:26.198 GMT-0800,10.092,10.068,0.0132,0.0132
13.11.2023 07:11:28.024 GMT-0800,10.092,10.078,0.0132,0.0009
13.11.2023 07:11:50.639 GMT-0800,10.082,10.068,0.0132,0.0132
13.11.2023 07:11:58.023 GMT-0800,10.082,10.058,0.0132,0.0132
13.11.2023 07:11:59.772 GMT-0800,10.082,10.068,0.0132,0.0132
13.11.2023 07:12:00.201 GMT-0800,10.082,10.058,0.0132,0.0132
13.11.2023 07:12:07.241 GMT-0800,10.082,10.068,0.0132,0.0009
13.11.2023 07:12:12.030 GMT-0800,10.082,10.058,0.0132,0.0132
13.11.2023 07:12:16.583 GMT-0800,10.072000000000001,10.058,0.0009,0.0132
13.11.2023 07:12:16.785 GMT-0800,10.072000000000001,10.048,0.0132,0.0132
13.11.2023 07:12:17.774 GMT-0800,10.072000000000001,10.058,0.0132,0.0009
13.11.2023 07:13:18.185 GMT-0800,10.082,10.068,0.0132,0.0132
13.11.2023 07:13:43.603 GMT-0800,10.092,10.068,0.0132,0.0132
13.11.2023 07:13:44.397 GMT-0800,10.092,10.078,0.0132,0.0132
13.11.2023 07:13:47.306 GMT-0800,10.102,10.088,0.0132,0.0132
13.11.2023 07:13:59.675 GMT-0800,10.092,10.078,0.0132,0.0132
13.11.2023 07:14:12.399 GMT-0800,10.082,10.068,0.0132,0.0132
13.11.2023 07:14:14.927 GMT-0800,10.082,10.078,0.009,0.0009
13.11.2023 07:14:15.012 GMT-0800,10.092,10.078,0.0132,0.0132
13.11.2023 07:14:17.599 GMT-0800,10.092,10.068,0.0132,0.0132
13.11.2023 07:14:18.724 GMT-0800,10.092,10.078,0.0132,0.0009
13.11.2023 07:14:46.721 GMT-0800,10.082,10.068,0.0132,0.0132
13.11.2023 07:14:47.150 GMT-0800,10.092,10.068,0.0132,0.0132
13.11.2023 07:14:49.496 GMT-0800,10.092,10.078,0.0132,0.0132
13.11.2023 07:14:54.407 GMT-0800,10.092,10.088,0.009,0.0009
13.11.2023 07:14:54.569 GMT-0800,10.102,10.088,0.0132,0.0132
13.11.2023 07:14:54.752 GMT-0800,10.112,10.097999999999999,0.0132,0.0132
13.11.2023 07:15:05.817 GMT-0800,10.112,10.088,0.0132,0.0132
13.11.2023 07:15:07.014 GMT-0800,10.102,10.088,0.0009,0.0132
13.11.2023 07:15:07.119 GMT-0800,10.092,10.078,0.0132,0.0132
13.11.2023 07:15:10.843 GMT-0800,10.092,10.068,0.0132,0.0132
13.11.2023 07:15:13.293 GMT-0800,10.092,10.078,0.0132,0.0009
13.11.2023 07:15:14.518 GMT-0800,10.082,10.068,0.0132,0.0132
13.11.2023 07:15:24.911 GMT-0800,10.082,10.058,0.0132,0.0132
13.11.2023 07:15:25.561 GMT-0800,10.082,10.068,0.0132,0.0009
13.11.2023 07:15:50.491 GMT-0800,10.072000000000001,10.058,0.0132,0.0132
13.11.2023 07:15:52.573 GMT-0800,10.062000000000001,10.058,0.0009,0.009
13.11.2023 07:15:52.823 GMT-0800,10.062000000000001,10.048,0.0132,0.0132
13.11.2023 07:15:59.632 GMT-0800,10.032,10.017999999999999,0.0132,0.0132
13.11.2023 07:16:16.246 GMT-0800,10.022,10.017999999999999,0.0009,0.009
13.11.2023 07:16:16.296 GMT-0800,10.022,10.008,0.0132,0.0132
13.11.2023 07:16:16.683 GMT-0800,10.022,9.998,0.0132,0.0132
13.11.2023 07:16:16.774 GMT-0800,10.022,10.008,0.0132,0.0009
13.11.2023 07:16:21.056 GMT-0800,10.032,10.017999999999999,0.0132,0.0132
13.11.2023 07:16:24.105 GMT-0800,10.022,10.017999999999999,0.0009,0.009
13.11.2023 07:16:24.156 GMT-0800,10.022,10.008,0.0132,0.0132
13.11.2023 07:16:25.036 GMT-0800,10.022,10.017999999999999,0.009,0.0009
13.11.2023 07:16:25.087 GMT-0800,10.032,10.017999999999999,0.0132,0.0132
13.11.2023 07:16:43.810 GMT-0800,10.022,10.017999999999999,0.0009,0.009
13.11.2023 07:16:43.969 GMT-0800,10.022,10.008,0.0132,0.0132
13.11.2023 07:16:50.055 GMT-0800,10.022,10.017999999999999,0.009,0.0009
13.11.2023 07:16:50.106 GMT-0800,10.032,10.017999999999999,0.0132,0.0132
13.11.2023 07:16:58.879 GMT-0800,10.032,10.028,0.009,0.0009
13.11.2023 07:16:58.930 GMT-0800,10.042,10.028,0.0132,0.0132
13.11.2023 07:16:59.228 GMT-0800,10.032,10.017999999999999,0.0132,0.0132
13.11.2023 07:17:01.665 GMT-0800,10.042,10.017999999999999,0.0132,0.0132
13.11.2023 07:17:02.148 GMT-0800,10.042,10.028,0.0132,0.0009
13.11.2023 07:17:02.198 GMT-0800,10.042,10.017999999999999,0.0132,0.0132
13.11.2023 07:17:02.415 GMT-0800,10.032,10.017999999999999,0.0009,0.0132
13.11.2023 07:17:02.692 GMT-0800,10.032,10.028,0.009,0.0009
13.11.2023 07:17:02.743 GMT-0800,10.042,10.028,0.0132,0.0132
13.11.2023 07:17:15.522 GMT-0800,10.032,10.017999999999999,0.0132,0.0132
13.11.2023 07:17:15.838 GMT-0800,10.042,10.017999999999999,0.0132,0.0132
13.11.2023 07:17:16.086 GMT-0800,10.032,10.017999999999999,0.0132,0.0132
13.11.2023 07:17:29.125 GMT-0800,10.032,10.028,0.009,0.0009
13.11.2023 07:17:29.176 GMT-0800,10.042,10.028,0.0132,0.0132
13.11.2023 07:17:34.397 GMT-0800,10.042,10.038,0.009,0.0009
13.11.2023 07:17:34.448 GMT-0800,10.052000000000001,10.038,0.0132,0.0132
13.11.2023 07:18:01.041 GMT-0800,10.052000000000001,10.048,0.009,0.0009
13.11.2023 07:18:01.191 GMT-0800,10.062000000000001,10.048,0.0132,0.0132
13.11.2023 07:18:03.209 GMT-0800,10.062000000000001,10.038,0.0132,0.0132
13.11.2023 07:18:04.059 GMT-0800,10.052000000000001,10.038,0.0009,0.0132
13.11.2023 07:18:04.765 GMT-0800,10.062000000000001,10.038,0.0132,0.0132
13.11.2023 07:18:05.690 GMT-0800,10.052000000000001,10.038,0.0132,0.0132
13.11.2023 07:18:29.983 GMT-0800,10.062000000000001,10.038,0.0132,0.0132
13.11.2023 07:18:31.595 GMT-0800,10.052000000000001,10.038,0.0009,0.0132
13.11.2023 07:18:45.106 GMT-0800,10.072000000000001,10.058,0.0132,0.0132
13.11.2023 07:18:49.184 GMT-0800,10.082,10.068,0.0132,0.0132
13.11.2023 07:18:56.754 GMT-0800,10.082,10.078,0.009,0.0009
13.11.2023 07:18:56.805 GMT-0800,10.092,10.078,0.0132,0.0132
13.11.2023 07:19:07.347 GMT-0800,10.102,10.078,0.0132,0.0132
13.11.2023 07:19:08.209 GMT-0800,10.092,10.078,0.0009,0.0132
13.11.2023 07:19:08.932 GMT-0800,10.102,10.088,0.0132,0.0132
13.11.2023 07:19:09.855 GMT-0800,10.092,10.088,0.0009,0.009
13.11.2023 07:19:09.907 GMT-0800,10.102,10.088,0.0132,0.0132
13.11.2023 07:19:16.742 GMT-0800,10.102,10.097999999999999,0.009,0.0009
13.11.2023 07:19:16.793 GMT-0800,10.112,10.097999999999999,0.0132,0.0132
13.11.2023 07:21:09.202 GMT-0800,10.112,10.108,0.009,0.0009
13.11.2023 07:21:09.252 GMT-0800,10.122,10.108,0.0132,0.0132
13.11.2023 07:21:09.339 GMT-0800,10.122,10.118,0.009,0.0009
13.11.2023 07:21:09.558 GMT-0800,10.132000000000001,10.118,0.0132,0.0132
13.11.2023 07:21:10.399 GMT-0800,10.122,10.118,0.0009,0.009
13.11.2023 07:21:10.450 GMT-0800,10.122,10.108,0.0132,0.0132
13.11.2023 07:21:12.434 GMT-0800,10.112,10.097999999999999,0.0132,0.0132
13.11.2023 07:21:15.392 GMT-0800,10.102,10.088,0.0132,0.0132
13.11.2023 07:21:16.105 GMT-0800,10.112,10.088,0.0132,0.0132
13.11.2023 07:21:16.431 GMT-0800,10.112,10.097999999999999,0.0132,0.0009
13.11.2023 07:21:20.093 GMT-0800,10.102,10.088,0.0132,0.0132
13.11.2023 07:21:24.008 GMT-0800,10.112,10.088,0.0132,0.0132
13.11.2023 07:21:26.736 GMT-0800,10.102,10.088,0.0132,0.0132
13.11.2023 07:21:48.980 GMT-0800,10.092,10.078,0.0132,0.0132
13.11.2023 07:21:49.614 GMT-0800,10.082,10.068,0.0132,0.0132
13.11.2023 07:21:54.197 GMT-0800,10.082,10.058,0.0132,0.0132
13.11.2023 07:21:54.540 GMT-0800,10.082,10.068,0.0132,0.0009
13.11.2023 07:21:59.148 GMT-0800,10.092,10.078,0.0132,0.0132
13.11.2023 07:22:00.066 GMT-0800,10.092,10.068,0.0132,0.0132
13.11.2023 07:22:02.339 GMT-0800,10.082,10.068,0.0009,0.0132
13.11.2023 07:22:11.807 GMT-0800,10.092,10.068,0.0132,0.0132
13.11.2023 07:22:13.596 GMT-0800,10.082,10.068,0.0009,0.0132
13.11.2023 07:22:23.086 GMT-0800,10.072000000000001,10.058,0.0009,0.0132
13.11.2023 07:22:33.923 GMT-0800,10.062000000000001,10.058,0.0009,0.009
13.11.2023 07:22:33.973 GMT-0800,10.062000000000001,10.048,0.0132,0.0132
13.11.2023 07:22:45.354 GMT-0800,10.052000000000001,10.028,0.0132,0.0132
13.11.2023 07:22:46.373 GMT-0800,10.042,10.028,0.0009,0.0132
13.11.2023 07:22:48.605 GMT-0800,10.042,10.017999999999999,0.0132,0.0132
13.11.2023 07:22:50.122 GMT-0800,10.042,10.028,0.0132,0.0009
13.11.2023 07:22:53.176 GMT-0800,10.032,10.028,0.0009,0.009
13.11.2023 07:22:53.227 GMT-0800,10.032,10.017999999999999,0.0132,0.0132
13.11.2023 07:22:56.769 GMT-0800,10.042,10.028,0.0132,0.0132
13.11.2023 07:22:57.072 GMT-0800,10.032,10.028,0.0009,0.009
13.11.2023 07:22:57.123 GMT-0800,10.032,10.017999999999999,0.0132,0.0132
13.11.2023 07:22:59.896 GMT-0800,10.032,10.008,0.0132,0.0132
13.11.2023 07:23:02.175 GMT-0800,10.022,10.008,0.0132,0.0132
13.11.2023 07:23:08.580 GMT-0800,10.012,10.008,0.0009,0.009
13.11.2023 07:23:08.631 GMT-0800,10.012,9.998,0.0132,0.0132
13.11.2023 07:23:15.939 GMT-0800,10.012,10.008,0.009,0.0009
13.11.2023 07:23:15.990 GMT-0800,10.022,10.008,0.0132,0.0132
13.11.2023 07:23:29.010 GMT-0800,10.012,10.008,0.0009,0.009
13.11.2023 07:23:29.060 GMT-0800,10.012,9.998,0.0132,0.0132
13.11.2023 07:23:35.205 GMT-0800,10.002,9.998,0.0009,0.009
13.11.2023 07:23:35.256 GMT-0800,10.002,9.988,0.0132,0.0132
13.11.2023 07:23:35.308 GMT-0800,9.992,9.988,0.0009,0.009
13.11.2023 07:23:35.360 GMT-0800,9.992,9.978,0.0132,0.0132
13.11.2023 07:23:38.673 GMT-0800,9.992,9.968,0.0132,0.0132
13.11.2023 07:23:39.793 GMT-0800,9.992,9.978,0.0132,0.0009
13.11.2023 07:23:46.417 GMT-0800,9.982000000000001,9.978,0.0009,0.009
13.11.2023 07:23:46.467 GMT-0800,9.982000000000001,9.968,0.0132,0.0132
13.11.2023 07:23:46.518 GMT-0800,9.982000000000001,9.958,0.0132,0.0132
13.11.2023 07:23:46.817 GMT-0800,9.982000000000001,9.968,0.0132,0.0009
13.11.2023 07:23:49.079 GMT-0800,9.982000000000001,9.958,0.0132,0.0132
13.11.2023 07:23:49.278 GMT-0800,9.972000000000001,9.958,0.0132,0.0132
13.11.2023 07:23:55.380 GMT-0800,9.972000000000001,9.948,0.0132,0.0132
13.11.2023 07:23:55.788 GMT-0800,9.972000000000001,9.958,0.0132,0.0009
13.11.2023 07:24:14.398 GMT-0800,9.972000000000001,9.968,0.009,0.0009
