Local time,Ask,Bid,AskVolume,BidVolume
13.11.2023 06:30:02.368 GMT-0800,74.953,74.607,0.0132,0.0132
13.11.2023 06:30:02.438 GMT-0800,74.953,74.657,0.0132,0.0009
13.11.2023 06:30:02.541 GMT-0800,74.954,74.676,0.0112,0.0009
13.11.2023 06:30:02.721 GMT-0800,74.953,74.697,0.0112,0.0009
13.11.2023 06:30:02.921 GMT-0800,74.954,74.71600000000001,0.0112,0.0009
13.11.2023 06:30:07.002 GMT-0800,74.903,74.852,0.009,0.0009
13.11.2023 06:30:07.053 GMT-0800,74.904,74.71600000000001,0.009,0.012
13.11.2023 06:30:07.112 GMT-0800,74.973,74.907,0.0132,0.0132
13.11.2023 06:30:07.622 GMT-0800,74.983,74.907,0.0132,0.0132
13.11.2023 06:30:10.092 GMT-0800,74.99300000000001,74.907,0.0132,0.0132
13.11.2023 06:30:11.007 GMT-0800,75.004,74.906,0.0132,0.0132
13.11.2023 06:30:16.261 GMT-0800,75.003,74.897,0.0132,0.0132
13.11.2023 06:30:16.501 GMT-0800,75.003,74.907,0.0132,0.0009
13.11.2023 06:30:17.323 GMT-0800,75.043,74.977,0.0132,0.0009
13.11.2023 06:30:17.832 GMT-0800,75.044,74.976,0.0112,0.0132
13.11.2023 06:30:17.883 GMT-0800,75.044,74.976,0.0112,0.009
13.11.2023 06:30:18.036 GMT-0800,75.02300000000001,74.967,0.0132,0.0132
13.11.2023 06:30:18.354 GMT-0800,75.03399999999999,74.96600000000001,0.0132,0.0132
13.11.2023 06:30:20.177 GMT-0800,75.033,74.937,0.0132,0.0132
13.11.2023 06:30:21.124 GMT-0800,75.033,74.947,0.0132,0.0009
13.11.2023 06:30:22.562 GMT-0800,75.033,74.937,0.0132,0.0132
13.11.2023 06:30:22.766 GMT-0800,75.033,74.957,0.0112,0.0009
13.11.2023 06:30:22.817 GMT-0800,75.053,74.957,0.0132,0.0132
13.11.2023 06:30:24.527 GMT-0800,75.054,74.956,0.0112,0.0132
13.11.2023 06:30:25.515 GMT-0800,75.054,74.956,0.0132,0.0132
13.11.2023 06:30:25.954 GMT-0800,75.054,74.956,0.0112,0.0132
13.11.2023 06:30:28.876 GMT-0800,75.013,74.967,0.009,0.0009
13.11.2023 06:30:28.926 GMT-0800,75.064,74.96600000000001,0.0132,0.0132
13.11.2023 06:30:29.079 GMT-0800,75.064,75.032,0.0132,0.0009
13.11.2023 06:30:29.130 GMT-0800,75.063,74.967,0.0132,0.0132
13.11.2023 06:30:38.405 GMT-0800,75.064,74.96600000000001,0.0112,0.0132
13.11.2023 06:30:38.456 GMT-0800,75.064,74.96600000000001,0.0132,0.0132
13.11.2023 06:30:39.247 GMT-0800,75.064,74.94600000000001,0.0132,0.0132
13.11.2023 06:30:42.922 GMT-0800,75.064,74.986,0.0132,0.0009
13.11.2023 06:30:43.195 GMT-0800,75.064,74.976,0.0132,0.0132
13.11.2023 06:30:43.290 GMT-0800,75.063,74.977,0.0112,0.0132
13.11.2023 06:30:43.391 GMT-0800,75.053,74.967,0.0132,0.0132
13.11.2023 06:30:44.019 GMT-0800,75.063,74.967,0.0132,0.0132
13.11.2023 06:30:53.081 GMT-0800,75.064,74.96600000000001,0.0112,0.0132
13.11.2023 06:30:53.242 GMT-0800,75.054,74.96600000000001,0.0132,0.0132
13.11.2023 06:30:53.457 GMT-0800,75.053,74.967,0.0112,0.0132
13.11.2023 06:30:53.861 GMT-0800,75.043,74.957,0.0132,0.0132
13.11.2023 06:30:54.950 GMT-0800,75.044,74.96600000000001,0.0132,0.0009
13.11.2023 06:30:55.101 GMT-0800,75.043,74.957,0.0132,0.0132
13.11.2023 06:30:55.171 GMT-0800,75.043,74.967,0.0132,0.0009
13.11.2023 06:30:55.322 GMT-0800,75.043,74.957,0.0132,0.0132
13.11.2023 06:30:55.404 GMT-0800,75.043,74.967,0.0132,0.0009
13.11.2023 06:30:55.878 GMT-0800,75.044,74.956,0.0132,0.0132
13.11.2023 06:30:55.959 GMT-0800,75.043,74.967,0.0132,0.0009
13.11.2023 06:30:56.238 GMT-0800,75.054,74.96600000000001,0.0132,0.0132
13.11.2023 06:30:57.074 GMT-0800,75.054,74.96600000000001,0.0112,0.009
13.11.2023 06:30:57.246 GMT-0800,75.044,74.956,0.0132,0.0132
13.11.2023 06:30:57.297 GMT-0800,75.043,74.977,0.0132,0.0132
13.11.2023 06:30:57.348 GMT-0800,75.043,74.957,0.0132,0.0132
13.11.2023 06:30:57.879 GMT-0800,75.043,74.967,0.0132,0.0009
13.11.2023 06:30:57.930 GMT-0800,75.054,74.96600000000001,0.0132,0.0132
13.11.2023 06:30:58.135 GMT-0800,75.063,74.967,0.0132,0.0132
13.11.2023 06:30:59.130 GMT-0800,75.064,74.96600000000001,0.0112,0.009
13.11.2023 06:30:59.245 GMT-0800,75.02300000000001,74.947,0.009,0.0132
13.11.2023 06:30:59.296 GMT-0800,75.044,74.94600000000001,0.0132,0.0132
13.11.2023 06:30:59.675 GMT-0800,75.043,74.927,0.0132,0.0132
13.11.2023 06:30:59.864 GMT-0800,75.043,74.907,0.0132,0.0132
13.11.2023 06:31:00.574 GMT-0800,75.043,74.907,0.0112,0.009
13.11.2023 06:31:00.675 GMT-0800,74.944,74.896,0.009,0.0132
13.11.2023 06:31:00.765 GMT-0800,74.964,74.896,0.0132,0.0132
13.11.2023 06:31:00.888 GMT-0800,74.964,74.896,0.0112,0.0132
13.11.2023 06:31:05.555 GMT-0800,74.944,74.906,0.0112,0.0009
13.11.2023 06:31:05.606 GMT-0800,74.944,74.896,0.0132,0.0132
13.11.2023 06:31:08.635 GMT-0800,74.943,74.867,0.0132,0.0132
13.11.2023 06:31:08.887 GMT-0800,74.943,74.827,0.0132,0.0132
13.11.2023 06:31:08.938 GMT-0800,74.943,74.837,0.0132,0.0132
13.11.2023 06:31:09.106 GMT-0800,74.944,74.876,0.0132,0.0009
13.11.2023 06:31:09.633 GMT-0800,74.943,74.837,0.0132,0.0132
13.11.2023 06:31:11.005 GMT-0800,74.943,74.877,0.0132,0.0009
13.11.2023 06:31:15.519 GMT-0800,74.943,74.897,0.0132,0.0009
13.11.2023 06:31:15.669 GMT-0800,74.953,74.897,0.0132,0.0132
13.11.2023 06:31:16.361 GMT-0800,74.954,74.936,0.009,0.0009
13.11.2023 06:31:16.412 GMT-0800,74.994,74.936,0.009,0.0132
13.11.2023 06:31:16.554 GMT-0800,75.013,74.937,0.0132,0.0132
13.11.2023 06:31:16.605 GMT-0800,75.004,74.936,0.0132,0.0132
13.11.2023 06:31:16.854 GMT-0800,75.003,74.937,0.0112,0.0132
13.11.2023 06:31:16.956 GMT-0800,74.994,74.91600000000001,0.0132,0.0132
13.11.2023 06:31:17.062 GMT-0800,75.004,74.91600000000001,0.0132,0.0132
13.11.2023 06:31:18.139 GMT-0800,75.004,74.956,0.0132,0.0009
13.11.2023 06:31:18.190 GMT-0800,75.003,74.937,0.0132,0.0009
13.11.2023 06:31:18.291 GMT-0800,75.004,74.91600000000001,0.0132,0.0132
13.11.2023 06:31:20.820 GMT-0800,75.004,74.94600000000001,0.0132,0.0132
13.11.2023 06:31:20.871 GMT-0800,75.003,74.917,0.0132,0.0132
13.11.2023 06:31:21.233 GMT-0800,75.003,74.917,0.0112,0.0132
13.11.2023 06:31:21.334 GMT-0800,74.974,74.91600000000001,0.0132,0.0132
13.11.2023 06:31:21.384 GMT-0800,74.974,74.896,0.0132,0.0132
13.11.2023 06:31:21.787 GMT-0800,74.994,74.896,0.0132,0.0132
13.11.2023 06:31:21.838 GMT-0800,74.99300000000001,74.897,0.0112,0.0132
13.11.2023 06:31:22.092 GMT-0800,74.943,74.897,0.0132,0.0132
13.11.2023 06:31:23.011 GMT-0800,74.944,74.88600000000001,0.0132,0.0132
13.11.2023 06:31:23.065 GMT-0800,74.944,74.896,0.0132,0.0009
13.11.2023 06:31:23.944 GMT-0800,74.944,74.88600000000001,0.0132,0.0132
13.11.2023 06:31:24.108 GMT-0800,74.943,74.897,0.0132,0.0009
13.11.2023 06:31:24.183 GMT-0800,74.944,74.88600000000001,0.0132,0.0132
13.11.2023 06:31:24.288 GMT-0800,74.944,74.896,0.0132,0.0009
13.11.2023 06:31:24.432 GMT-0800,74.984,74.896,0.0132,0.0132
13.11.2023 06:31:25.134 GMT-0800,74.983,74.897,0.0112,0.0132
13.11.2023 06:31:25.184 GMT-0800,75.003,74.897,0.0132,0.0132
13.11.2023 06:31:25.477 GMT-0800,75.004,74.896,0.0112,0.0132
13.11.2023 06:31:25.825 GMT-0800,74.983,74.897,0.0112,0.0132
13.11.2023 06:31:25.876 GMT-0800,74.964,74.88600000000001,0.0132,0.0132
13.11.2023 06:31:25.945 GMT-0800,74.96300000000001,74.897,0.0132,0.0009
13.11.2023 06:31:26.766 GMT-0800,74.96300000000001,74.887,0.0132,0.0132
13.11.2023 06:31:26.816 GMT-0800,74.96300000000001,74.897,0.0132,0.0009
13.11.2023 06:31:28.215 GMT-0800,74.973,74.897,0.0132,0.0132
13.11.2023 06:31:29.224 GMT-0800,74.974,74.896,0.0112,0.0132
13.11.2023 06:31:29.454 GMT-0800,74.954,74.906,0.0132,0.0009
13.11.2023 06:31:29.506 GMT-0800,74.953,74.897,0.0132,0.0132
13.11.2023 06:31:29.615 GMT-0800,74.953,74.887,0.0132,0.0132
13.11.2023 06:31:29.704 GMT-0800,74.954,74.896,0.0132,0.0009
13.11.2023 06:31:30.132 GMT-0800,74.954,74.88600000000001,0.0132,0.0132
13.11.2023 06:31:30.183 GMT-0800,74.953,74.897,0.0132,0.0009
13.11.2023 06:31:30.234 GMT-0800,74.953,74.887,0.0132,0.0132
13.11.2023 06:31:30.299 GMT-0800,74.953,74.897,0.0132,0.0009
13.11.2023 06:31:30.645 GMT-0800,74.954,74.88600000000001,0.0132,0.0132
13.11.2023 06:31:30.885 GMT-0800,74.953,74.887,0.0112,0.0132
13.11.2023 06:31:30.937 GMT-0800,74.903,74.817,0.0132,0.0132
13.11.2023 06:31:31.160 GMT-0800,74.904,74.736,0.0132,0.0132
13.11.2023 06:31:31.753 GMT-0800,74.904,74.736,0.0112,0.0132
13.11.2023 06:31:31.803 GMT-0800,74.904,74.736,0.0112,0.0132
13.11.2023 06:31:35.175 GMT-0800,74.88300000000001,74.757,0.0132,0.0009
13.11.2023 06:31:36.897 GMT-0800,74.88300000000001,74.777,0.0132,0.0009
13.11.2023 06:31:37.285 GMT-0800,74.88300000000001,74.797,0.0132,0.0009
13.11.2023 06:31:37.387 GMT-0800,74.903,74.837,0.0132,0.0132
13.11.2023 06:31:37.488 GMT-0800,74.903,74.817,0.0132,0.0132
13.11.2023 06:31:37.687 GMT-0800,74.903,74.837,0.009,0.0009
13.11.2023 06:31:37.738 GMT-0800,74.913,74.837,0.0132,0.0132
13.11.2023 06:31:38.232 GMT-0800,74.913,74.837,0.0112,0.0132
13.11.2023 06:31:38.282 GMT-0800,74.914,74.836,0.0132,0.0132
13.11.2023 06:31:39.405 GMT-0800,74.914,74.836,0.0112,0.009
13.11.2023 06:31:39.455 GMT-0800,74.904,74.816,0.0132,0.0132
13.11.2023 06:31:39.557 GMT-0800,74.914,74.836,0.0132,0.0132
13.11.2023 06:31:42.387 GMT-0800,74.914,74.866,0.0132,0.0009
13.11.2023 06:31:42.488 GMT-0800,74.913,74.837,0.0132,0.0132
13.11.2023 06:31:43.231 GMT-0800,74.913,74.867,0.0132,0.0009
13.11.2023 06:31:43.282 GMT-0800,74.914,74.836,0.0132,0.0132
13.11.2023 06:31:44.408 GMT-0800,74.914,74.836,0.0112,0.0132
13.11.2023 06:31:44.509 GMT-0800,74.913,74.837,0.0132,0.0132
13.11.2023 06:31:45.700 GMT-0800,74.913,74.857,0.0132,0.0009
13.11.2023 06:31:49.015 GMT-0800,74.913,74.877,0.009,0.0009
13.11.2023 06:31:49.066 GMT-0800,74.96300000000001,74.877,0.0132,0.0132
13.11.2023 06:31:49.435 GMT-0800,74.933,74.877,0.0132,0.0132
13.11.2023 06:31:49.486 GMT-0800,74.96300000000001,74.877,0.0132,0.0132
13.11.2023 06:31:49.793 GMT-0800,74.964,74.896,0.0132,0.0132
13.11.2023 06:31:50.114 GMT-0800,74.974,74.896,0.0132,0.0132
13.11.2023 06:31:50.164 GMT-0800,74.974,74.896,0.0112,0.0132
13.11.2023 06:31:50.364 GMT-0800,74.96300000000001,74.877,0.0132,0.0132
13.11.2023 06:31:52.326 GMT-0800,74.96300000000001,74.907,0.0132,0.0009
13.11.2023 06:31:52.377 GMT-0800,74.964,74.896,0.0132,0.0132
13.11.2023 06:31:52.554 GMT-0800,74.973,74.897,0.0132,0.0132
13.11.2023 06:31:52.863 GMT-0800,74.973,74.877,0.0132,0.0132
13.11.2023 06:31:53.474 GMT-0800,74.974,74.926,0.0132,0.0009
13.11.2023 06:31:53.876 GMT-0800,75.004,74.926,0.0132,0.0132
13.11.2023 06:31:53.927 GMT-0800,75.003,74.917,0.0132,0.0132
13.11.2023 06:31:54.102 GMT-0800,75.003,74.917,0.0112,0.009
13.11.2023 06:31:54.153 GMT-0800,75.004,74.896,0.0132,0.0132
13.11.2023 06:31:54.210 GMT-0800,75.004,74.91600000000001,0.0132,0.0009
13.11.2023 06:31:57.454 GMT-0800,75.004,74.896,0.0132,0.0132
13.11.2023 06:31:57.972 GMT-0800,75.003,74.897,0.0112,0.0132
13.11.2023 06:31:59.085 GMT-0800,74.96300000000001,74.927,0.009,0.0009
13.11.2023 06:31:59.136 GMT-0800,75.003,74.937,0.0132,0.0132
13.11.2023 06:31:59.410 GMT-0800,75.013,74.937,0.0132,0.0132
13.11.2023 06:31:59.496 GMT-0800,75.014,74.936,0.0112,0.0132
13.11.2023 06:32:00.073 GMT-0800,75.003,74.937,0.0112,0.009
13.11.2023 06:32:00.123 GMT-0800,75.004,74.936,0.0112,0.009
13.11.2023 06:32:00.174 GMT-0800,74.983,74.927,0.0132,0.0132
13.11.2023 06:32:00.508 GMT-0800,74.984,74.91600000000001,0.0132,0.0132
13.11.2023 06:32:00.647 GMT-0800,74.983,74.927,0.0132,0.0009
13.11.2023 06:32:00.698 GMT-0800,74.983,74.897,0.0132,0.0132
13.11.2023 06:32:01.076 GMT-0800,74.983,74.917,0.0132,0.0009
13.11.2023 06:32:01.127 GMT-0800,74.983,74.897,0.0132,0.0132
13.11.2023 06:32:02.280 GMT-0800,74.983,74.917,0.0132,0.0009
13.11.2023 06:32:02.382 GMT-0800,74.983,74.897,0.0132,0.0132
13.11.2023 06:32:04.027 GMT-0800,74.983,74.897,0.0112,0.0132
13.11.2023 06:32:04.079 GMT-0800,74.983,74.897,0.0132,0.0132
13.11.2023 06:32:04.154 GMT-0800,74.984,74.91600000000001,0.0132,0.0009
13.11.2023 06:32:04.255 GMT-0800,74.983,74.897,0.0132,0.0132
13.11.2023 06:32:04.504 GMT-0800,74.984,74.896,0.0112,0.0132
13.11.2023 06:32:04.606 GMT-0800,74.984,74.896,0.0112,0.0132
13.11.2023 06:32:05.104 GMT-0800,74.984,74.896,0.0132,0.0132
13.11.2023 06:32:05.340 GMT-0800,74.984,74.896,0.0112,0.009
13.11.2023 06:32:05.442 GMT-0800,74.933,74.877,0.0132,0.0132
13.11.2023 06:32:05.543 GMT-0800,74.973,74.897,0.0132,0.0132
13.11.2023 06:32:05.711 GMT-0800,74.964,74.896,0.0132,0.0009
13.11.2023 06:32:05.910 GMT-0800,74.96300000000001,74.877,0.0132,0.0132
13.11.2023 06:32:06.965 GMT-0800,74.96300000000001,74.897,0.0112,0.0009
13.11.2023 06:32:07.015 GMT-0800,74.964,74.896,0.0132,0.0132
13.11.2023 06:32:07.132 GMT-0800,74.984,74.896,0.0132,0.0132
13.11.2023 06:32:09.487 GMT-0800,74.983,74.897,0.0112,0.009
13.11.2023 06:32:09.537 GMT-0800,74.984,74.866,0.0132,0.0132
13.11.2023 06:32:09.709 GMT-0800,74.964,74.85600000000001,0.0132,0.0132
13.11.2023 06:32:10.503 GMT-0800,74.96300000000001,74.867,0.0132,0.0009
13.11.2023 06:32:10.604 GMT-0800,74.964,74.876,0.0132,0.0132
13.11.2023 06:32:10.784 GMT-0800,74.973,74.877,0.0132,0.0132
13.11.2023 06:32:10.885 GMT-0800,74.973,74.897,0.0132,0.0132
13.11.2023 06:32:11.132 GMT-0800,74.984,74.896,0.0132,0.0132
13.11.2023 06:32:12.173 GMT-0800,74.984,74.906,0.0132,0.0009
13.11.2023 06:32:12.634 GMT-0800,74.984,74.91600000000001,0.0132,0.0132
13.11.2023 06:32:12.685 GMT-0800,74.983,74.897,0.0132,0.0132
13.11.2023 06:32:14.403 GMT-0800,74.983,74.907,0.0112,0.0009
13.11.2023 06:32:14.454 GMT-0800,74.964,74.906,0.0132,0.0132
13.11.2023 06:32:14.505 GMT-0800,74.96300000000001,74.897,0.0132,0.0132
13.11.2023 06:32:15.144 GMT-0800,74.96300000000001,74.897,0.0112,0.009
13.11.2023 06:32:15.195 GMT-0800,74.943,74.897,0.0132,0.009
13.11.2023 06:32:15.246 GMT-0800,74.943,74.877,0.0132,0.0132
13.11.2023 06:32:15.300 GMT-0800,74.944,74.876,0.0112,0.0132
13.11.2023 06:32:15.402 GMT-0800,74.944,74.896,0.0132,0.009
13.11.2023 06:32:15.453 GMT-0800,74.944,74.876,0.0132,0.0132
13.11.2023 06:32:16.762 GMT-0800,74.943,74.857,0.0132,0.0132
13.11.2023 06:32:17.820 GMT-0800,74.943,74.887,0.0132,0.0009
13.11.2023 06:32:17.923 GMT-0800,74.943,74.857,0.0132,0.0132
13.11.2023 06:32:19.230 GMT-0800,74.914,74.85600000000001,0.0132,0.0132
13.11.2023 06:32:19.370 GMT-0800,74.943,74.857,0.0132,0.0132
13.11.2023 06:32:20.361 GMT-0800,74.943,74.857,0.0112,0.0132
13.11.2023 06:32:20.462 GMT-0800,74.944,74.85600000000001,0.0132,0.0132
13.11.2023 06:32:20.622 GMT-0800,74.944,74.88600000000001,0.0132,0.0009
13.11.2023 06:32:20.773 GMT-0800,74.944,74.876,0.0132,0.0132
13.11.2023 06:32:20.863 GMT-0800,74.943,74.897,0.0132,0.0009
13.11.2023 06:32:21.414 GMT-0800,74.944,74.876,0.0132,0.0132
13.11.2023 06:32:25.495 GMT-0800,74.964,74.876,0.0132,0.0132
13.11.2023 06:32:26.931 GMT-0800,74.96300000000001,74.897,0.0132,0.0009
13.11.2023 06:32:27.032 GMT-0800,74.974,74.896,0.0132,0.0132
13.11.2023 06:32:27.127 GMT-0800,74.974,74.896,0.0112,0.0132
13.11.2023 06:32:27.222 GMT-0800,74.973,74.897,0.0132,0.0132
13.11.2023 06:32:27.475 GMT-0800,74.974,74.906,0.0132,0.0009
13.11.2023 06:32:27.526 GMT-0800,74.973,74.897,0.0132,0.0132
13.11.2023 06:32:28.060 GMT-0800,74.973,74.897,0.0112,0.0132
13.11.2023 06:32:28.113 GMT-0800,74.973,74.897,0.0132,0.0132
13.11.2023 06:32:28.674 GMT-0800,74.973,74.917,0.0132,0.0009
13.11.2023 06:32:29.485 GMT-0800,74.973,74.927,0.0132,0.0009
13.11.2023 06:32:29.728 GMT-0800,74.974,74.91600000000001,0.0132,0.0132
13.11.2023 06:32:30.597 GMT-0800,74.974,74.94600000000001,0.009,0.0009
13.11.2023 06:32:30.648 GMT-0800,74.973,74.927,0.0132,0.0132
13.11.2023 06:32:30.749 GMT-0800,74.994,74.926,0.0132,0.009
13.11.2023 06:32:30.850 GMT-0800,74.99300000000001,74.917,0.0112,0.0132
13.11.2023 06:32:31.046 GMT-0800,74.984,74.896,0.0132,0.0132
13.11.2023 06:32:31.191 GMT-0800,74.983,74.927,0.009,0.0009
13.11.2023 06:32:31.242 GMT-0800,74.994,74.926,0.0132,0.0132
13.11.2023 06:32:31.404 GMT-0800,74.994,74.926,0.0112,0.009
13.11.2023 06:32:31.459 GMT-0800,74.983,74.917,0.0132,0.0132
13.11.2023 06:32:31.726 GMT-0800,74.994,74.91600000000001,0.0132,0.0132
13.11.2023 06:32:31.841 GMT-0800,74.99300000000001,74.917,0.0112,0.0132
13.11.2023 06:32:33.161 GMT-0800,74.983,74.897,0.0132,0.0132
13.11.2023 06:32:33.669 GMT-0800,74.994,74.896,0.0132,0.0132
13.11.2023 06:32:33.729 GMT-0800,74.99300000000001,74.897,0.0112,0.0132
13.11.2023 06:32:34.522 GMT-0800,74.994,74.896,0.0132,0.0132
13.11.2023 06:32:34.667 GMT-0800,74.99300000000001,74.897,0.0112,0.0132
13.11.2023 06:32:35.193 GMT-0800,74.983,74.907,0.0132,0.0009
13.11.2023 06:32:35.371 GMT-0800,74.983,74.937,0.009,0.0009
13.11.2023 06:32:35.422 GMT-0800,74.99300000000001,74.917,0.0132,0.0132
13.11.2023 06:32:35.481 GMT-0800,74.99300000000001,74.917,0.0112,0.0132
13.11.2023 06:32:35.819 GMT-0800,74.984,74.896,0.0132,0.0132
13.11.2023 06:32:35.869 GMT-0800,74.984,74.896,0.0112,0.0132
13.11.2023 06:32:36.049 GMT-0800,74.96300000000001,74.907,0.009,0.0009
13.11.2023 06:32:36.100 GMT-0800,74.983,74.897,0.0132,0.0132
13.11.2023 06:32:37.612 GMT-0800,74.984,74.876,0.0132,0.0132
13.11.2023 06:32:38.789 GMT-0800,74.983,74.897,0.0112,0.0009
13.11.2023 06:32:38.840 GMT-0800,74.953,74.877,0.0132,0.0132
13.11.2023 06:32:39.401 GMT-0800,74.984,74.876,0.0132,0.0132
13.11.2023 06:32:39.455 GMT-0800,74.984,74.896,0.0132,0.0009
13.11.2023 06:32:39.557 GMT-0800,74.943,74.877,0.0132,0.0132
13.11.2023 06:32:39.607 GMT-0800,74.984,74.876,0.0132,0.0132
13.11.2023 06:32:40.322 GMT-0800,74.984,74.876,0.0112,0.0132
13.11.2023 06:32:40.423 GMT-0800,74.954,74.906,0.009,0.0009
13.11.2023 06:32:40.474 GMT-0800,74.96300000000001,74.897,0.0132,0.0132
13.11.2023 06:32:41.539 GMT-0800,74.96300000000001,74.917,0.0132,0.0009
13.11.2023 06:32:44.812 GMT-0800,74.96300000000001,74.937,0.009,0.0009
13.11.2023 06:32:44.863 GMT-0800,74.99300000000001,74.947,0.0132,0.0132
13.11.2023 06:32:45.074 GMT-0800,74.994,74.936,0.0132,0.0132
13.11.2023 06:32:45.510 GMT-0800,75.02300000000001,74.967,0.0132,0.0132
13.11.2023 06:32:45.973 GMT-0800,75.044,74.96600000000001,0.0132,0.0132
13.11.2023 06:32:48.139 GMT-0800,75.044,74.96600000000001,0.0112,0.0132
13.11.2023 06:32:48.857 GMT-0800,75.044,74.96600000000001,0.0132,0.0132
13.11.2023 06:32:52.528 GMT-0800,75.043,74.977,0.0132,0.0009
13.11.2023 06:32:54.225 GMT-0800,75.03399999999999,74.976,0.0132,0.0132
13.11.2023 06:32:54.437 GMT-0800,75.053,74.977,0.0132,0.0132
13.11.2023 06:32:54.843 GMT-0800,75.053,74.977,0.0112,0.0132
13.11.2023 06:32:54.944 GMT-0800,75.054,74.976,0.0132,0.0132
13.11.2023 06:32:55.053 GMT-0800,75.053,74.977,0.0112,0.0132
13.11.2023 06:32:55.243 GMT-0800,75.054,74.976,0.0132,0.0132
13.11.2023 06:32:59.753 GMT-0800,75.053,74.977,0.0112,0.0132
13.11.2023 06:33:01.248 GMT-0800,75.044,74.976,0.0112,0.0132
13.11.2023 06:33:01.418 GMT-0800,75.004,74.94600000000001,0.0132,0.009
13.11.2023 06:33:01.519 GMT-0800,75.003,74.937,0.0132,0.0132
13.11.2023 06:33:03.896 GMT-0800,75.004,74.936,0.0112,0.0132
13.11.2023 06:33:04.052 GMT-0800,74.974,74.936,0.0112,0.009
13.11.2023 06:33:04.154 GMT-0800,74.953,74.917,0.0132,0.0132
13.11.2023 06:33:04.205 GMT-0800,74.954,74.91600000000001,0.0112,0.009
13.11.2023 06:33:04.255 GMT-0800,74.954,74.876,0.0132,0.0132
13.11.2023 06:33:04.957 GMT-0800,74.953,74.867,0.0132,0.0132
13.11.2023 06:33:05.055 GMT-0800,74.954,74.876,0.0132,0.0009
13.11.2023 06:33:05.165 GMT-0800,74.954,74.876,0.0112,0.0132
13.11.2023 06:33:05.216 GMT-0800,74.954,74.876,0.0112,0.009
13.11.2023 06:33:05.267 GMT-0800,74.953,74.867,0.0132,0.0132
13.11.2023 06:33:05.318 GMT-0800,74.954,74.876,0.0132,0.0132
13.11.2023 06:33:05.696 GMT-0800,74.954,74.88600000000001,0.0132,0.0009
13.11.2023 06:33:05.797 GMT-0800,74.954,74.876,0.0132,0.0132
13.11.2023 06:33:05.848 GMT-0800,74.923,74.867,0.0132,0.0132
13.11.2023 06:33:05.955 GMT-0800,74.92399999999999,74.876,0.009,0.0009
13.11.2023 06:33:06.005 GMT-0800,74.954,74.876,0.0132,0.0132
13.11.2023 06:33:06.437 GMT-0800,74.953,74.907,0.009,0.0009
13.11.2023 06:33:06.539 GMT-0800,74.974,74.906,0.0132,0.0132
13.11.2023 06:33:06.652 GMT-0800,74.974,74.906,0.0112,0.0132
13.11.2023 06:33:06.841 GMT-0800,74.973,74.907,0.0132,0.0132
13.11.2023 06:33:08.248 GMT-0800,74.974,74.906,0.0112,0.0132
13.11.2023 06:33:08.299 GMT-0800,74.973,74.907,0.0132,0.0132
13.11.2023 06:33:10.120 GMT-0800,74.974,74.906,0.0112,0.009
13.11.2023 06:33:10.170 GMT-0800,74.973,74.907,0.0132,0.009
13.11.2023 06:33:10.221 GMT-0800,74.974,74.896,0.0132,0.0132
13.11.2023 06:33:10.781 GMT-0800,74.973,74.857,0.0132,0.0132
13.11.2023 06:33:10.840 GMT-0800,74.973,74.857,0.0112,0.0132
13.11.2023 06:33:10.952 GMT-0800,74.944,74.85600000000001,0.0132,0.0132
13.11.2023 06:33:11.766 GMT-0800,74.953,74.857,0.0132,0.0132
13.11.2023 06:33:13.826 GMT-0800,74.953,74.857,0.0112,0.0132
13.11.2023 06:33:13.927 GMT-0800,74.92399999999999,74.85600000000001,0.0132,0.0132
13.11.2023 06:33:14.925 GMT-0800,74.953,74.857,0.0132,0.0132
13.11.2023 06:33:17.729 GMT-0800,74.954,74.88600000000001,0.0112,0.0009
13.11.2023 06:33:17.780 GMT-0800,74.953,74.887,0.0132,0.0132
13.11.2023 06:33:20.286 GMT-0800,74.954,74.88600000000001,0.0112,0.0132
13.11.2023 06:33:21.146 GMT-0800,74.923,74.887,0.0112,0.009
13.11.2023 06:33:21.196 GMT-0800,74.923,74.887,0.012,0.009
13.11.2023 06:33:21.348 GMT-0800,74.874,74.796,0.0132,0.0132
13.11.2023 06:33:21.503 GMT-0800,74.874,74.80600000000001,0.0112,0.0009
13.11.2023 06:33:21.658 GMT-0800,74.854,74.796,0.0132,0.0132
13.11.2023 06:33:21.954 GMT-0800,74.854,74.80600000000001,0.0132,0.0009
13.11.2023 06:33:22.205 GMT-0800,74.864,74.80600000000001,0.0132,0.0132
13.11.2023 06:33:22.510 GMT-0800,74.863,74.807,0.0112,0.0132
13.11.2023 06:33:22.561 GMT-0800,74.863,74.807,0.0132,0.0132
13.11.2023 06:33:23.006 GMT-0800,74.864,74.80600000000001,0.0112,0.0132
13.11.2023 06:33:23.107 GMT-0800,74.863,74.807,0.0132,0.0132
13.11.2023 06:33:23.171 GMT-0800,74.864,74.816,0.0132,0.0009
13.11.2023 06:33:23.272 GMT-0800,74.873,74.817,0.0132,0.0132
13.11.2023 06:33:23.751 GMT-0800,74.874,74.816,0.0112,0.009
13.11.2023 06:33:23.802 GMT-0800,74.85300000000001,74.807,0.0132,0.0132
13.11.2023 06:33:23.910 GMT-0800,74.863,74.807,0.0132,0.0132
13.11.2023 06:33:24.011 GMT-0800,74.863,74.807,0.0112,0.0132
13.11.2023 06:33:24.652 GMT-0800,74.864,74.80600000000001,0.0132,0.0132
13.11.2023 06:33:24.911 GMT-0800,74.863,74.837,0.009,0.0009
13.11.2023 06:33:24.962 GMT-0800,74.864,74.80600000000001,0.0132,0.0132
13.11.2023 06:33:25.209 GMT-0800,74.873,74.827,0.0132,0.0132
13.11.2023 06:33:25.310 GMT-0800,74.864,74.80600000000001,0.0132,0.0132
13.11.2023 06:33:25.361 GMT-0800,74.874,74.82600000000001,0.0132,0.0132
13.11.2023 06:33:25.412 GMT-0800,74.864,74.80600000000001,0.0132,0.0132
13.11.2023 06:33:25.580 GMT-0800,74.874,74.80600000000001,0.0132,0.0132
13.11.2023 06:33:25.681 GMT-0800,74.864,74.80600000000001,0.0132,0.0132
13.11.2023 06:33:25.840 GMT-0800,74.864,74.82600000000001,0.0132,0.0009
13.11.2023 06:33:25.941 GMT-0800,74.864,74.816,0.009,0.009
13.11.2023 06:33:26.012 GMT-0800,74.873,74.807,0.0132,0.0132
13.11.2023 06:33:26.063 GMT-0800,74.874,74.816,0.0132,0.0132
13.11.2023 06:33:27.225 GMT-0800,74.873,74.827,0.0132,0.0009
13.11.2023 06:33:30.202 GMT-0800,74.874,74.82600000000001,0.0112,0.0132
13.11.2023 06:33:30.304 GMT-0800,74.863,74.827,0.0112,0.0132
13.11.2023 06:33:30.585 GMT-0800,74.873,74.827,0.0132,0.0132
13.11.2023 06:33:32.103 GMT-0800,74.873,74.827,0.0112,0.009
13.11.2023 06:33:32.257 GMT-0800,74.854,74.80600000000001,0.0132,0.0132
13.11.2023 06:33:37.800 GMT-0800,74.85300000000001,74.807,0.0112,0.009
13.11.2023 06:33:37.851 GMT-0800,74.833,74.787,0.0132,0.0132
13.11.2023 06:33:37.952 GMT-0800,74.833,74.797,0.0132,0.0132
13.11.2023 06:33:39.333 GMT-0800,74.834,74.796,0.0112,0.009
13.11.2023 06:33:39.384 GMT-0800,74.824,74.77600000000001,0.0132,0.0132
13.11.2023 06:33:39.558 GMT-0800,74.834,74.766,0.0132,0.0132
13.11.2023 06:33:40.556 GMT-0800,74.834,74.766,0.0112,0.0132
13.11.2023 06:33:40.866 GMT-0800,74.82300000000001,74.757,0.0132,0.0132
13.11.2023 06:33:40.917 GMT-0800,74.814,74.756,0.0132,0.0132
13.11.2023 06:33:41.119 GMT-0800,74.793,74.757,0.0132,0.0132
13.11.2023 06:33:47.931 GMT-0800,74.793,74.767,0.009,0.0009
13.11.2023 06:33:47.982 GMT-0800,74.803,74.757,0.0132,0.0132
13.11.2023 06:33:52.870 GMT-0800,74.804,74.756,0.0112,0.0132
13.11.2023 06:33:54.913 GMT-0800,74.804,74.756,0.0132,0.0132
13.11.2023 06:33:55.344 GMT-0800,74.803,74.767,0.0132,0.0009
13.11.2023 06:33:55.446 GMT-0800,74.804,74.756,0.0132,0.0132
13.11.2023 06:33:55.496 GMT-0800,74.803,74.767,0.0132,0.0009
13.11.2023 06:33:55.701 GMT-0800,74.803,74.757,0.0132,0.0132
13.11.2023 06:33:57.384 GMT-0800,74.803,74.757,0.0112,0.0132
13.11.2023 06:33:57.434 GMT-0800,74.78399999999999,74.74600000000001,0.0132,0.0132
13.11.2023 06:33:58.161 GMT-0800,74.793,74.747,0.0132,0.0132
13.11.2023 06:33:58.942 GMT-0800,74.803,74.747,0.0132,0.0132
13.11.2023 06:33:59.978 GMT-0800,74.803,74.747,0.0112,0.0132
13.11.2023 06:34:00.233 GMT-0800,74.783,74.757,0.009,0.0009
13.11.2023 06:34:00.283 GMT-0800,74.803,74.737,0.0132,0.0132
13.11.2023 06:34:02.823 GMT-0800,74.804,74.786,0.009,0.0009
13.11.2023 06:34:03.012 GMT-0800,74.834,74.786,0.0132,0.0132
13.11.2023 06:34:04.702 GMT-0800,74.834,74.796,0.0132,0.0009
13.11.2023 06:34:05.216 GMT-0800,74.833,74.787,0.0132,0.0132
13.11.2023 06:34:05.445 GMT-0800,74.834,74.786,0.0112,0.009
13.11.2023 06:34:05.495 GMT-0800,74.833,74.787,0.0132,0.009
13.11.2023 06:34:05.546 GMT-0800,74.833,74.777,0.0132,0.009
13.11.2023 06:34:05.597 GMT-0800,74.833,74.777,0.0112,0.009
13.11.2023 06:34:05.647 GMT-0800,74.814,74.74600000000001,0.0132,0.0132
13.11.2023 06:34:05.799 GMT-0800,74.814,74.756,0.0132,0.0009
13.11.2023 06:34:05.950 GMT-0800,74.824,74.756,0.0132,0.0132
13.11.2023 06:34:06.305 GMT-0800,74.824,74.756,0.0112,0.0132
13.11.2023 06:34:06.406 GMT-0800,74.814,74.74600000000001,0.0132,0.0132
13.11.2023 06:34:06.457 GMT-0800,74.814,74.756,0.0132,0.0132
13.11.2023 06:34:06.699 GMT-0800,74.813,74.747,0.0132,0.0132
13.11.2023 06:34:06.827 GMT-0800,74.814,74.74600000000001,0.0112,0.009
13.11.2023 06:34:06.969 GMT-0800,74.793,74.737,0.0132,0.0132
13.11.2023 06:34:10.673 GMT-0800,74.794,74.736,0.0112,0.0132
13.11.2023 06:34:10.724 GMT-0800,74.794,74.736,0.0132,0.0132
13.11.2023 06:34:11.097 GMT-0800,74.793,74.717,0.0132,0.0132
13.11.2023 06:34:11.283 GMT-0800,74.794,74.71600000000001,0.0112,0.0132
13.11.2023 06:34:11.333 GMT-0800,74.77300000000001,74.697,0.0132,0.0132
13.11.2023 06:34:11.384 GMT-0800,74.78399999999999,74.69600000000001,0.0132,0.0132
13.11.2023 06:34:11.454 GMT-0800,74.783,74.697,0.0112,0.0132
13.11.2023 06:34:11.555 GMT-0800,74.783,74.697,0.0132,0.0132
13.11.2023 06:34:13.801 GMT-0800,74.78399999999999,74.69600000000001,0.0112,0.0132
13.11.2023 06:34:15.916 GMT-0800,74.77300000000001,74.697,0.0112,0.0132
13.11.2023 06:34:16.168 GMT-0800,74.74300000000001,74.677,0.0132,0.0132
13.11.2023 06:34:16.456 GMT-0800,74.744,74.69600000000001,0.0132,0.0132
13.11.2023 06:34:17.195 GMT-0800,74.74300000000001,74.677,0.0132,0.0132
13.11.2023 06:34:17.328 GMT-0800,74.744,74.732,0.009,0.0009
13.11.2023 06:34:17.379 GMT-0800,74.77300000000001,74.727,0.0132,0.0132
13.11.2023 06:34:17.536 GMT-0800,74.774,74.71600000000001,0.0132,0.0132
13.11.2023 06:34:18.241 GMT-0800,74.77300000000001,74.737,0.009,0.0009
13.11.2023 06:34:18.292 GMT-0800,74.794,74.736,0.0132,0.0132
13.11.2023 06:34:18.343 GMT-0800,74.794,74.726,0.0132,0.0132
13.11.2023 06:34:19.472 GMT-0800,74.793,74.717,0.0112,0.0132
13.11.2023 06:34:20.023 GMT-0800,74.794,74.71600000000001,0.0132,0.0132
13.11.2023 06:34:22.151 GMT-0800,74.794,74.74600000000001,0.0132,0.0009
13.11.2023 06:34:23.332 GMT-0800,74.793,74.737,0.0132,0.0132
13.11.2023 06:34:23.549 GMT-0800,74.794,74.74600000000001,0.0132,0.0009
13.11.2023 06:34:23.786 GMT-0800,74.793,74.737,0.0132,0.0132
13.11.2023 06:34:23.845 GMT-0800,74.793,74.747,0.0132,0.0009
13.11.2023 06:34:24.494 GMT-0800,74.793,74.737,0.0132,0.0132
13.11.2023 06:34:27.197 GMT-0800,74.794,74.756,0.0132,0.0009
13.11.2023 06:34:27.248 GMT-0800,74.794,74.736,0.0132,0.0132
13.11.2023 06:34:29.320 GMT-0800,74.793,74.747,0.0132,0.0009
13.11.2023 06:34:30.341 GMT-0800,74.794,74.736,0.0132,0.0132
13.11.2023 06:34:32.988 GMT-0800,74.794,74.766,0.009,0.0009
13.11.2023 06:34:33.039 GMT-0800,74.834,74.77600000000001,0.0132,0.0132
13.11.2023 06:34:33.455 GMT-0800,74.833,74.797,0.0132,0.0009
13.11.2023 06:34:37.119 GMT-0800,74.833,74.797,0.0112,0.009
13.11.2023 06:34:37.170 GMT-0800,74.833,74.797,0.0132,0.009
13.11.2023 06:34:37.232 GMT-0800,74.833,74.787,0.0132,0.0132
13.11.2023 06:34:38.413 GMT-0800,74.833,74.757,0.0132,0.0132
13.11.2023 06:34:38.478 GMT-0800,74.833,74.787,0.0132,0.0009
13.11.2023 06:34:38.579 GMT-0800,74.834,74.77600000000001,0.0132,0.0132
13.11.2023 06:34:38.995 GMT-0800,74.834,74.756,0.0132,0.0132
13.11.2023 06:34:42.739 GMT-0800,74.834,74.77600000000001,0.0132,0.0009
13.11.2023 06:34:43.537 GMT-0800,74.833,74.757,0.0132,0.0132
13.11.2023 06:34:45.818 GMT-0800,74.833,74.777,0.0132,0.0009
13.11.2023 06:34:48.231 GMT-0800,74.833,74.797,0.0132,0.0009
13.11.2023 06:34:49.773 GMT-0800,74.833,74.797,0.0112,0.009
13.11.2023 06:34:49.824 GMT-0800,74.82300000000001,74.767,0.0132,0.0132
13.11.2023 06:34:49.892 GMT-0800,74.824,74.77600000000001,0.0132,0.0009
13.11.2023 06:34:50.198 GMT-0800,74.824,74.766,0.0132,0.0132
13.11.2023 06:34:51.854 GMT-0800,74.824,74.77600000000001,0.0132,0.0009
13.11.2023 06:34:52.497 GMT-0800,74.824,74.766,0.0132,0.0132
13.11.2023 06:34:53.721 GMT-0800,74.834,74.766,0.0132,0.0132
13.11.2023 06:34:55.303 GMT-0800,74.834,74.77600000000001,0.0132,0.0009
13.11.2023 06:34:57.250 GMT-0800,74.833,74.767,0.0132,0.0132
13.11.2023 06:34:57.934 GMT-0800,74.834,74.77600000000001,0.0132,0.0009
13.11.2023 06:34:58.242 GMT-0800,74.834,74.786,0.0132,0.0009
13.11.2023 06:34:58.343 GMT-0800,74.824,74.77600000000001,0.0132,0.0132
13.11.2023 06:34:58.718 GMT-0800,74.833,74.757,0.0132,0.0132
13.11.2023 06:34:58.838 GMT-0800,74.833,74.777,0.0132,0.0009
13.11.2023 06:34:59.068 GMT-0800,74.833,74.787,0.0132,0.0009
13.11.2023 06:34:59.597 GMT-0800,74.833,74.777,0.0132,0.0132
13.11.2023 06:35:00.046 GMT-0800,74.833,74.777,0.0112,0.0132
13.11.2023 06:35:00.348 GMT-0800,74.82300000000001,74.777,0.0112,0.0132
13.11.2023 06:35:00.929 GMT-0800,74.804,74.77600000000001,0.0132,0.0132
13.11.2023 06:35:01.067 GMT-0800,74.804,74.756,0.0132,0.0132
13.11.2023 06:35:01.333 GMT-0800,74.803,74.757,0.0112,0.0132
13.11.2023 06:35:01.445 GMT-0800,74.794,74.736,0.0132,0.0132
13.11.2023 06:35:01.856 GMT-0800,74.793,74.737,0.0112,0.0132
13.11.2023 06:35:01.907 GMT-0800,74.794,74.736,0.0132,0.0132
13.11.2023 06:35:02.441 GMT-0800,74.804,74.736,0.0132,0.0132
13.11.2023 06:35:02.492 GMT-0800,74.793,74.737,0.009,0.0132
13.11.2023 06:35:02.542 GMT-0800,74.803,74.737,0.0132,0.0132
13.11.2023 06:35:02.641 GMT-0800,74.804,74.736,0.0112,0.0132
13.11.2023 06:35:03.044 GMT-0800,74.804,74.736,0.0132,0.0132
13.11.2023 06:35:03.095 GMT-0800,74.804,74.736,0.0112,0.0132
13.11.2023 06:35:03.419 GMT-0800,74.803,74.737,0.0132,0.0132
13.11.2023 06:35:03.478 GMT-0800,74.803,74.737,0.0112,0.0132
13.11.2023 06:35:03.846 GMT-0800,74.804,74.736,0.0132,0.0132
13.11.2023 06:35:04.186 GMT-0800,74.804,74.736,0.0112,0.0132
13.11.2023 06:35:04.406 GMT-0800,74.804,74.756,0.0132,0.009
13.11.2023 06:35:04.457 GMT-0800,74.824,74.756,0.0132,0.0132
13.11.2023 06:35:04.689 GMT-0800,74.824,74.77600000000001,0.009,0.0009
13.11.2023 06:35:04.790 GMT-0800,74.854,74.80600000000001,0.0132,0.0132
13.11.2023 06:35:04.891 GMT-0800,74.884,74.836,0.0132,0.0132
13.11.2023 06:35:05.073 GMT-0800,74.893,74.837,0.0132,0.0132
13.11.2023 06:35:05.131 GMT-0800,74.893,74.847,0.0132,0.0132
13.11.2023 06:35:05.762 GMT-0800,74.893,74.847,0.0112,0.0132
13.11.2023 06:35:06.321 GMT-0800,74.893,74.847,0.0132,0.0132
13.11.2023 06:35:06.439 GMT-0800,74.89399999999999,74.82600000000001,0.0132,0.0132
13.11.2023 06:35:06.612 GMT-0800,74.89399999999999,74.82600000000001,0.0112,0.0132
13.11.2023 06:35:06.714 GMT-0800,74.864,74.80600000000001,0.0132,0.0132
13.11.2023 06:35:07.152 GMT-0800,74.873,74.807,0.0132,0.0132
13.11.2023 06:35:07.202 GMT-0800,74.874,74.80600000000001,0.0112,0.0132
13.11.2023 06:35:07.253 GMT-0800,74.843,74.797,0.0132,0.0132
13.11.2023 06:35:07.603 GMT-0800,74.843,74.807,0.009,0.0009
13.11.2023 06:35:07.654 GMT-0800,74.873,74.807,0.0132,0.0132
13.11.2023 06:35:07.954 GMT-0800,74.873,74.797,0.0112,0.0132
13.11.2023 06:35:08.594 GMT-0800,74.85300000000001,74.797,0.0132,0.0132
13.11.2023 06:35:08.644 GMT-0800,74.834,74.796,0.0132,0.0132
13.11.2023 06:35:10.185 GMT-0800,74.833,74.797,0.0112,0.009
13.11.2023 06:35:10.235 GMT-0800,74.813,74.757,0.009,0.0132
13.11.2023 06:35:10.286 GMT-0800,74.824,74.756,0.0132,0.0132
13.11.2023 06:35:11.599 GMT-0800,74.824,74.766,0.0132,0.0009
13.11.2023 06:35:11.650 GMT-0800,74.824,74.756,0.0132,0.0132
13.11.2023 06:35:12.075 GMT-0800,74.824,74.756,0.0112,0.0132
13.11.2023 06:35:12.126 GMT-0800,74.82300000000001,74.757,0.0112,0.0132
13.11.2023 06:35:12.228 GMT-0800,74.803,74.757,0.0112,0.0132
13.11.2023 06:35:12.710 GMT-0800,74.794,74.756,0.0112,0.009
13.11.2023 06:35:12.811 GMT-0800,74.783,74.737,0.0132,0.0132
13.11.2023 06:35:12.862 GMT-0800,74.783,74.747,0.0132,0.0009
13.11.2023 06:35:13.339 GMT-0800,74.78399999999999,74.736,0.0132,0.0132
13.11.2023 06:35:14.037 GMT-0800,74.804,74.736,0.0132,0.0132
13.11.2023 06:35:14.208 GMT-0800,74.803,74.737,0.0112,0.0132
13.11.2023 06:35:14.310 GMT-0800,74.804,74.736,0.0132,0.0132
13.11.2023 06:35:14.369 GMT-0800,74.804,74.736,0.0112,0.0132
13.11.2023 06:35:14.420 GMT-0800,74.804,74.736,0.0132,0.0132
13.11.2023 06:35:14.694 GMT-0800,74.804,74.766,0.0132,0.0009
13.11.2023 06:35:14.744 GMT-0800,74.803,74.757,0.0132,0.0132
13.11.2023 06:35:15.820 GMT-0800,74.803,74.767,0.0132,0.0009
13.11.2023 06:35:15.921 GMT-0800,74.804,74.756,0.0132,0.0132
13.11.2023 06:35:16.220 GMT-0800,74.824,74.756,0.0132,0.0132
13.11.2023 06:35:16.446 GMT-0800,74.824,74.756,0.0112,0.0132
13.11.2023 06:35:16.497 GMT-0800,74.824,74.756,0.0132,0.0132
13.11.2023 06:35:16.571 GMT-0800,74.824,74.786,0.0132,0.0009
13.11.2023 06:35:16.622 GMT-0800,74.824,74.77600000000001,0.0132,0.0132
13.11.2023 06:35:17.092 GMT-0800,74.824,74.766,0.0132,0.0132
13.11.2023 06:35:17.563 GMT-0800,74.824,74.77600000000001,0.0132,0.0009
13.11.2023 06:35:17.934 GMT-0800,74.824,74.796,0.009,0.0009
13.11.2023 06:35:17.984 GMT-0800,74.863,74.817,0.0132,0.0132
13.11.2023 06:35:18.035 GMT-0800,74.863,74.797,0.0132,0.0132
13.11.2023 06:35:18.268 GMT-0800,74.873,74.797,0.0132,0.0132
13.11.2023 06:35:18.566 GMT-0800,74.874,74.796,0.0112,0.0132
13.11.2023 06:35:19.539 GMT-0800,74.844,74.80600000000001,0.0132,0.0009
13.11.2023 06:35:19.597 GMT-0800,74.873,74.797,0.0132,0.0132
13.11.2023 06:35:19.682 GMT-0800,74.874,74.796,0.0112,0.0132
13.11.2023 06:35:21.715 GMT-0800,74.843,74.827,0.009,0.0009
13.11.2023 06:35:21.766 GMT-0800,74.88300000000001,74.827,0.0132,0.0132
13.11.2023 06:35:21.945 GMT-0800,74.864,74.82600000000001,0.0132,0.0132
13.11.2023 06:35:22.389 GMT-0800,74.864,74.836,0.009,0.0132
13.11.2023 06:35:22.439 GMT-0800,74.874,74.836,0.0132,0.0132
13.11.2023 06:35:22.873 GMT-0800,74.874,74.836,0.0112,0.009
13.11.2023 06:35:22.924 GMT-0800,74.863,74.827,0.0132,0.0132
13.11.2023 06:35:23.381 GMT-0800,74.873,74.827,0.0132,0.0132
13.11.2023 06:35:24.156 GMT-0800,74.874,74.82600000000001,0.0112,0.009
13.11.2023 06:35:24.207 GMT-0800,74.844,74.80600000000001,0.0132,0.0009
13.11.2023 06:35:24.309 GMT-0800,74.843,74.797,0.0132,0.0132
13.11.2023 06:35:24.869 GMT-0800,74.863,74.797,0.0132,0.0132
13.11.2023 06:35:25.087 GMT-0800,74.864,74.816,0.0132,0.0009
13.11.2023 06:35:25.239 GMT-0800,74.834,74.786,0.0132,0.0132
13.11.2023 06:35:25.340 GMT-0800,74.833,74.777,0.0132,0.0132
13.11.2023 06:35:25.441 GMT-0800,74.834,74.786,0.0132,0.0132
13.11.2023 06:35:25.952 GMT-0800,74.834,74.786,0.0112,0.0132
13.11.2023 06:35:26.003 GMT-0800,74.834,74.786,0.0132,0.0132
13.11.2023 06:35:26.817 GMT-0800,74.833,74.787,0.0112,0.0132
13.11.2023 06:35:26.868 GMT-0800,74.834,74.77600000000001,0.0132,0.0132
13.11.2023 06:35:27.870 GMT-0800,74.834,74.796,0.0132,0.0009
13.11.2023 06:35:27.971 GMT-0800,74.833,74.777,0.0132,0.0132
13.11.2023 06:35:28.022 GMT-0800,74.833,74.787,0.009,0.0009
13.11.2023 06:35:28.072 GMT-0800,74.843,74.787,0.0132,0.0132
13.11.2023 06:35:28.525 GMT-0800,74.844,74.796,0.009,0.0009
13.11.2023 06:35:28.578 GMT-0800,74.864,74.796,0.0132,0.0132
13.11.2023 06:35:28.877 GMT-0800,74.863,74.797,0.0112,0.0132
13.11.2023 06:35:28.978 GMT-0800,74.85300000000001,74.807,0.009,0.0009
13.11.2023 06:35:29.029 GMT-0800,74.864,74.80600000000001,0.0132,0.0132
13.11.2023 06:35:29.079 GMT-0800,74.85300000000001,74.797,0.0132,0.0132
13.11.2023 06:35:29.180 GMT-0800,74.864,74.80600000000001,0.0132,0.0132
13.11.2023 06:35:29.312 GMT-0800,74.873,74.797,0.0132,0.0132
13.11.2023 06:35:29.707 GMT-0800,74.874,74.796,0.0112,0.009
13.11.2023 06:35:29.757 GMT-0800,74.843,74.787,0.0132,0.0132
13.11.2023 06:35:29.877 GMT-0800,74.843,74.797,0.0132,0.0009
13.11.2023 06:35:30.780 GMT-0800,74.843,74.807,0.009,0.0009
13.11.2023 06:35:30.881 GMT-0800,74.874,74.796,0.009,0.0132
13.11.2023 06:35:30.932 GMT-0800,74.88300000000001,74.797,0.0132,0.0132
13.11.2023 06:35:30.983 GMT-0800,74.863,74.797,0.0132,0.0132
13.11.2023 06:35:31.225 GMT-0800,74.863,74.807,0.0132,0.0009
13.11.2023 06:35:31.461 GMT-0800,74.884,74.82600000000001,0.0132,0.009
13.11.2023 06:35:31.512 GMT-0800,74.88300000000001,74.817,0.0132,0.0132
13.11.2023 06:35:32.019 GMT-0800,74.884,74.82600000000001,0.0112,0.0009
13.11.2023 06:35:32.070 GMT-0800,74.88300000000001,74.817,0.0132,0.0132
13.11.2023 06:35:32.709 GMT-0800,74.884,74.816,0.0112,0.0132
13.11.2023 06:35:32.760 GMT-0800,74.864,74.796,0.0132,0.0132
13.11.2023 06:35:32.811 GMT-0800,74.863,74.797,0.0112,0.0132
13.11.2023 06:35:32.862 GMT-0800,74.873,74.797,0.0132,0.0132
13.11.2023 06:35:33.008 GMT-0800,74.874,74.816,0.009,0.0009
13.11.2023 06:35:33.058 GMT-0800,74.88300000000001,74.817,0.0132,0.0132
13.11.2023 06:35:33.299 GMT-0800,74.88300000000001,74.817,0.0112,0.0132
13.11.2023 06:35:33.859 GMT-0800,74.88300000000001,74.817,0.0132,0.0132
13.11.2023 06:35:36.277 GMT-0800,74.884,74.816,0.0112,0.0132
13.11.2023 06:35:36.328 GMT-0800,74.884,74.816,0.0132,0.0132
13.11.2023 06:35:36.514 GMT-0800,74.884,74.816,0.0112,0.0132
13.11.2023 06:35:36.615 GMT-0800,74.88300000000001,74.817,0.0132,0.0132
13.11.2023 06:35:36.819 GMT-0800,74.884,74.816,0.0112,0.009
13.11.2023 06:35:36.920 GMT-0800,74.844,74.80600000000001,0.0132,0.009
13.11.2023 06:35:36.971 GMT-0800,74.843,74.787,0.0132,0.0132
13.11.2023 06:35:37.182 GMT-0800,74.843,74.797,0.0132,0.0009
13.11.2023 06:35:37.440 GMT-0800,74.844,74.77600000000001,0.0132,0.0132
13.11.2023 06:35:37.821 GMT-0800,74.843,74.787,0.0112,0.0009
13.11.2023 06:35:37.872 GMT-0800,74.82300000000001,74.777,0.0132,0.0132
13.11.2023 06:35:38.043 GMT-0800,74.834,74.77600000000001,0.0132,0.0132
13.11.2023 06:35:39.000 GMT-0800,74.834,74.786,0.0132,0.0132
13.11.2023 06:35:39.723 GMT-0800,74.833,74.777,0.0132,0.0132
13.11.2023 06:35:39.958 GMT-0800,74.833,74.797,0.0132,0.0009
13.11.2023 06:35:40.009 GMT-0800,74.833,74.777,0.0132,0.0132
13.11.2023 06:35:41.949 GMT-0800,74.834,74.80600000000001,0.0132,0.0009
13.11.2023 06:35:42.050 GMT-0800,74.844,74.80600000000001,0.0132,0.0132
13.11.2023 06:35:42.476 GMT-0800,74.843,74.787,0.0132,0.0132
13.11.2023 06:35:42.537 GMT-0800,74.843,74.797,0.0132,0.0009
13.11.2023 06:35:42.587 GMT-0800,74.843,74.787,0.0132,0.0132
13.11.2023 06:35:43.023 GMT-0800,74.844,74.796,0.0132,0.0009
13.11.2023 06:35:43.073 GMT-0800,74.843,74.787,0.0132,0.0132
13.11.2023 06:35:43.244 GMT-0800,74.844,74.80600000000001,0.0132,0.0009
13.11.2023 06:35:43.294 GMT-0800,74.844,74.786,0.0132,0.0132
13.11.2023 06:35:43.515 GMT-0800,74.844,74.796,0.0132,0.0009
13.11.2023 06:35:43.919 GMT-0800,74.843,74.827,0.0132,0.0009
13.11.2023 06:35:43.969 GMT-0800,74.844,74.796,0.0132,0.0132
13.11.2023 06:35:44.815 GMT-0800,74.844,74.796,0.0112,0.009
13.11.2023 06:35:44.866 GMT-0800,74.844,74.796,0.0132,0.009
13.11.2023 06:35:44.917 GMT-0800,74.844,74.77600000000001,0.0132,0.0132
13.11.2023 06:35:45.582 GMT-0800,74.843,74.777,0.0112,0.0132
13.11.2023 06:35:45.991 GMT-0800,74.833,74.777,0.0112,0.0132
13.11.2023 06:35:46.042 GMT-0800,74.82300000000001,74.767,0.0132,0.0132
13.11.2023 06:35:46.097 GMT-0800,74.824,74.77600000000001,0.0132,0.0009
13.11.2023 06:35:46.512 GMT-0800,74.82300000000001,74.777,0.0112,0.009
13.11.2023 06:35:46.563 GMT-0800,74.814,74.766,0.0132,0.0132
13.11.2023 06:35:47.301 GMT-0800,74.813,74.757,0.0132,0.0132
13.11.2023 06:35:47.717 GMT-0800,74.814,74.77600000000001,0.0132,0.0009
13.11.2023 06:35:47.768 GMT-0800,74.814,74.756,0.0132,0.0132
13.11.2023 06:35:47.962 GMT-0800,74.814,74.77600000000001,0.0132,0.0009
13.11.2023 06:35:48.063 GMT-0800,74.813,74.767,0.0132,0.0132
13.11.2023 06:35:48.461 GMT-0800,74.813,74.777,0.0132,0.0009
13.11.2023 06:35:48.660 GMT-0800,74.814,74.766,0.0132,0.0132
13.11.2023 06:35:49.310 GMT-0800,74.813,74.777,0.0132,0.0009
13.11.2023 06:35:49.532 GMT-0800,74.814,74.766,0.0132,0.0132
13.11.2023 06:35:51.099 GMT-0800,74.813,74.757,0.0132,0.0132
13.11.2023 06:35:51.197 GMT-0800,74.813,74.777,0.0132,0.0009
13.11.2023 06:35:51.350 GMT-0800,74.813,74.757,0.0132,0.0132
13.11.2023 06:35:56.015 GMT-0800,74.813,74.795,0.0132,0.0009
13.11.2023 06:35:56.066 GMT-0800,74.814,74.766,0.0132,0.0009
13.11.2023 06:35:56.117 GMT-0800,74.813,74.777,0.0132,0.0132
13.11.2023 06:35:56.240 GMT-0800,74.813,74.787,0.0132,0.0009
13.11.2023 06:35:56.290 GMT-0800,74.813,74.777,0.0132,0.0132
13.11.2023 06:35:56.341 GMT-0800,74.814,74.766,0.0132,0.0132
13.11.2023 06:35:56.442 GMT-0800,74.813,74.777,0.0132,0.0009
13.11.2023 06:35:56.665 GMT-0800,74.813,74.757,0.0132,0.0132
13.11.2023 06:35:56.766 GMT-0800,74.82300000000001,74.757,0.0132,0.0132
13.11.2023 06:35:56.944 GMT-0800,74.82300000000001,74.777,0.0132,0.0009
13.11.2023 06:35:58.911 GMT-0800,74.82300000000001,74.777,0.0112,0.0132
13.11.2023 06:36:00.149 GMT-0800,74.804,74.77600000000001,0.0112,0.0132
13.11.2023 06:36:00.199 GMT-0800,74.804,74.77600000000001,0.0132,0.0132
13.11.2023 06:36:00.509 GMT-0800,74.824,74.756,0.0132,0.0132
13.11.2023 06:36:00.616 GMT-0800,74.82300000000001,74.767,0.0132,0.0009
13.11.2023 06:36:00.926 GMT-0800,74.824,74.77600000000001,0.0132,0.0009
13.11.2023 06:36:01.199 GMT-0800,74.824,74.766,0.0132,0.0132
13.11.2023 06:36:01.314 GMT-0800,74.824,74.77600000000001,0.0132,0.0009
13.11.2023 06:36:01.443 GMT-0800,74.834,74.786,0.0132,0.0132
13.11.2023 06:36:01.544 GMT-0800,74.833,74.797,0.0132,0.0132
13.11.2023 06:36:02.561 GMT-0800,74.833,74.817,0.009,0.0009
13.11.2023 06:36:02.612 GMT-0800,74.864,74.816,0.0132,0.0132
13.11.2023 06:36:02.765 GMT-0800,74.863,74.817,0.0112,0.0132
13.11.2023 06:36:04.549 GMT-0800,74.843,74.787,0.0132,0.0132
13.11.2023 06:36:05.444 GMT-0800,74.843,74.797,0.0132,0.0009
13.11.2023 06:36:06.278 GMT-0800,74.844,74.786,0.0112,0.0132
13.11.2023 06:36:06.379 GMT-0800,74.824,74.766,0.0132,0.0132
13.11.2023 06:36:06.430 GMT-0800,74.803,74.757,0.0132,0.0132
13.11.2023 06:36:06.701 GMT-0800,74.804,74.756,0.0112,0.009
13.11.2023 06:36:07.407 GMT-0800,74.793,74.747,0.0132,0.0132
13.11.2023 06:36:07.601 GMT-0800,74.794,74.736,0.0132,0.0132
13.11.2023 06:36:09.952 GMT-0800,74.793,74.737,0.0112,0.0132
13.11.2023 06:36:10.104 GMT-0800,74.78399999999999,74.736,0.0112,0.0132
13.11.2023 06:36:10.155 GMT-0800,74.77300000000001,74.727,0.0132,0.0132
13.11.2023 06:36:11.759 GMT-0800,74.77300000000001,74.737,0.0132,0.0009
13.11.2023 06:36:12.137 GMT-0800,74.77300000000001,74.727,0.0112,0.0132
13.11.2023 06:36:12.189 GMT-0800,74.764,74.71600000000001,0.0132,0.0132
13.11.2023 06:36:16.897 GMT-0800,74.764,74.726,0.0132,0.0009
13.11.2023 06:36:16.998 GMT-0800,74.763,74.717,0.0132,0.0132
13.11.2023 06:36:18.332 GMT-0800,74.763,74.737,0.009,0.0009
13.11.2023 06:36:18.433 GMT-0800,74.774,74.736,0.0132,0.0132
13.11.2023 06:36:19.226 GMT-0800,74.77300000000001,74.727,0.0132,0.0132
13.11.2023 06:36:19.334 GMT-0800,74.77300000000001,74.737,0.0132,0.0009
13.11.2023 06:36:19.694 GMT-0800,74.77300000000001,74.727,0.0132,0.0132
13.11.2023 06:36:19.745 GMT-0800,74.77300000000001,74.737,0.0132,0.0009
13.11.2023 06:36:20.042 GMT-0800,74.774,74.756,0.009,0.0009
13.11.2023 06:36:20.093 GMT-0800,74.793,74.757,0.0132,0.0132
13.11.2023 06:36:20.274 GMT-0800,74.793,74.737,0.0132,0.0132
13.11.2023 06:36:21.723 GMT-0800,74.793,74.757,0.0132,0.0009
13.11.2023 06:36:21.774 GMT-0800,74.794,74.736,0.0132,0.0132
13.11.2023 06:36:22.008 GMT-0800,74.794,74.736,0.0112,0.0132
13.11.2023 06:36:22.207 GMT-0800,74.77300000000001,74.737,0.0112,0.0132
13.11.2023 06:36:22.258 GMT-0800,74.774,74.736,0.0132,0.0132
13.11.2023 06:36:22.949 GMT-0800,74.774,74.74600000000001,0.009,0.0009
13.11.2023 06:36:23.001 GMT-0800,74.793,74.737,0.0132,0.0132
13.11.2023 06:36:24.040 GMT-0800,74.793,74.757,0.0132,0.0009
13.11.2023 06:36:24.900 GMT-0800,74.793,74.757,0.0112,0.009
13.11.2023 06:36:24.951 GMT-0800,74.793,74.757,0.0132,0.009
13.11.2023 06:36:25.002 GMT-0800,74.794,74.736,0.0132,0.0132
13.11.2023 06:36:25.155 GMT-0800,74.793,74.747,0.0132,0.0009
13.11.2023 06:36:25.206 GMT-0800,74.794,74.736,0.0132,0.0132
13.11.2023 06:36:26.150 GMT-0800,74.793,74.747,0.0132,0.0009
13.11.2023 06:36:26.201 GMT-0800,74.794,74.736,0.0132,0.0132
13.11.2023 06:36:26.524 GMT-0800,74.793,74.747,0.0132,0.0009
13.11.2023 06:36:26.626 GMT-0800,74.794,74.756,0.0132,0.0009
13.11.2023 06:36:26.676 GMT-0800,74.793,74.737,0.0132,0.0132
13.11.2023 06:36:30.268 GMT-0800,74.793,74.757,0.0132,0.0009
13.11.2023 06:36:31.570 GMT-0800,74.804,74.77600000000001,0.0132,0.0132
13.11.2023 06:36:31.624 GMT-0800,74.804,74.766,0.0132,0.0132
13.11.2023 06:36:31.752 GMT-0800,74.804,74.756,0.0132,0.0132
13.11.2023 06:36:32.270 GMT-0800,74.803,74.757,0.0112,0.009
13.11.2023 06:36:32.388 GMT-0800,74.793,74.747,0.0132,0.0132
13.11.2023 06:36:32.438 GMT-0800,74.774,74.74600000000001,0.0132,0.0132
13.11.2023 06:36:35.385 GMT-0800,74.804,74.736,0.0132,0.0132
13.11.2023 06:36:36.874 GMT-0800,74.804,74.736,0.0112,0.0132
13.11.2023 06:36:37.520 GMT-0800,74.803,74.737,0.0132,0.0132
13.11.2023 06:36:38.271 GMT-0800,74.803,74.767,0.0112,0.0009
13.11.2023 06:36:38.403 GMT-0800,74.783,74.762,0.0112,0.009
13.11.2023 06:36:38.454 GMT-0800,74.77300000000001,74.727,0.0132,0.0132
13.11.2023 06:36:38.791 GMT-0800,74.774,74.736,0.0132,0.0132
13.11.2023 06:36:40.740 GMT-0800,74.77300000000001,74.747,0.0132,0.0009
13.11.2023 06:36:40.841 GMT-0800,74.774,74.736,0.0132,0.0132
13.11.2023 06:36:41.953 GMT-0800,74.774,74.74600000000001,0.0132,0.0009
13.11.2023 06:36:42.054 GMT-0800,74.774,74.736,0.0132,0.0132
13.11.2023 06:36:42.258 GMT-0800,74.774,74.726,0.0132,0.0132
13.11.2023 06:36:42.324 GMT-0800,74.77300000000001,74.737,0.0132,0.0009
13.11.2023 06:36:42.514 GMT-0800,74.77300000000001,74.747,0.0132,0.0009
13.11.2023 06:36:42.705 GMT-0800,74.77300000000001,74.757,0.0132,0.0009
13.11.2023 06:36:45.207 GMT-0800,74.77300000000001,74.755,0.0112,0.009
13.11.2023 06:36:45.257 GMT-0800,74.77300000000001,74.757,0.012,0.009
13.11.2023 06:36:45.316 GMT-0800,74.74300000000001,74.707,0.0132,0.0132
13.11.2023 06:36:47.312 GMT-0800,74.744,74.71600000000001,0.0132,0.0009
13.11.2023 06:36:47.765 GMT-0800,74.74300000000001,74.737,0.009,0.0009
13.11.2023 06:36:47.816 GMT-0800,74.744,74.726,0.009,0.0009
13.11.2023 06:36:47.867 GMT-0800,74.764,74.736,0.0132,0.0132
13.11.2023 06:36:48.388 GMT-0800,74.764,74.726,0.0132,0.0132
13.11.2023 06:36:48.959 GMT-0800,74.763,74.727,0.0112,0.0132
13.11.2023 06:36:49.262 GMT-0800,74.763,74.727,0.0132,0.0132
13.11.2023 06:36:49.619 GMT-0800,74.763,74.717,0.0132,0.0132
13.11.2023 06:36:50.095 GMT-0800,74.763,74.707,0.0132,0.0132
13.11.2023 06:36:50.241 GMT-0800,74.764,74.71600000000001,0.0132,0.0009
13.11.2023 06:36:50.402 GMT-0800,74.763,74.707,0.0132,0.0132
13.11.2023 06:36:50.483 GMT-0800,74.764,74.726,0.0132,0.0009
13.11.2023 06:36:50.533 GMT-0800,74.763,74.717,0.0132,0.0132
13.11.2023 06:36:50.813 GMT-0800,74.763,74.727,0.0132,0.0009
13.11.2023 06:36:52.413 GMT-0800,74.763,74.757,0.009,0.0009
13.11.2023 06:36:52.464 GMT-0800,74.77300000000001,74.757,0.0132,0.0132
13.11.2023 06:36:53.284 GMT-0800,74.78399999999999,74.736,0.0132,0.0132
13.11.2023 06:36:53.789 GMT-0800,74.78399999999999,74.726,0.0132,0.0132
13.11.2023 06:36:54.018 GMT-0800,74.783,74.737,0.0132,0.0009
13.11.2023 06:36:54.069 GMT-0800,74.783,74.727,0.0132,0.0132
13.11.2023 06:36:55.345 GMT-0800,74.78399999999999,74.736,0.0132,0.0009
13.11.2023 06:36:55.497 GMT-0800,74.78399999999999,74.726,0.0132,0.0132
13.11.2023 06:36:55.560 GMT-0800,74.78399999999999,74.736,0.0132,0.0009
13.11.2023 06:36:56.742 GMT-0800,74.794,74.736,0.0132,0.0132
13.11.2023 06:36:56.843 GMT-0800,74.793,74.747,0.0132,0.0132
13.11.2023 06:36:58.550 GMT-0800,74.794,74.766,0.009,0.0009
13.11.2023 06:36:58.602 GMT-0800,74.803,74.767,0.0132,0.0132
13.11.2023 06:36:59.148 GMT-0800,74.814,74.766,0.0132,0.0132
13.11.2023 06:36:59.827 GMT-0800,74.803,74.757,0.0132,0.0132
13.11.2023 06:37:00.101 GMT-0800,74.814,74.756,0.0132,0.0132
13.11.2023 06:37:00.210 GMT-0800,74.813,74.757,0.0112,0.0132
13.11.2023 06:37:00.636 GMT-0800,74.804,74.756,0.0132,0.0132
13.11.2023 06:37:00.799 GMT-0800,74.804,74.756,0.0112,0.0132
13.11.2023 06:37:01.197 GMT-0800,74.774,74.756,0.0132,0.0132
13.11.2023 06:37:01.659 GMT-0800,74.775,74.767,0.009,0.0009
13.11.2023 06:37:01.709 GMT-0800,74.803,74.767,0.0112,0.0132
13.11.2023 06:37:01.917 GMT-0800,74.803,74.767,0.0132,0.0132
13.11.2023 06:37:01.968 GMT-0800,74.813,74.767,0.0132,0.0132
13.11.2023 06:37:02.594 GMT-0800,74.813,74.767,0.0112,0.0132
13.11.2023 06:37:02.645 GMT-0800,74.814,74.766,0.0132,0.0132
13.11.2023 06:37:02.805 GMT-0800,74.813,74.757,0.0132,0.0132
13.11.2023 06:37:03.275 GMT-0800,74.814,74.766,0.0132,0.0009
13.11.2023 06:37:03.326 GMT-0800,74.813,74.757,0.0132,0.0132
13.11.2023 06:37:03.377 GMT-0800,74.803,74.757,0.0132,0.0132
13.11.2023 06:37:03.478 GMT-0800,74.814,74.756,0.0132,0.0132
13.11.2023 06:37:04.435 GMT-0800,74.814,74.756,0.0112,0.0132
13.11.2023 06:37:09.235 GMT-0800,74.804,74.766,0.0132,0.0009
13.11.2023 06:37:09.844 GMT-0800,74.803,74.757,0.0132,0.0132
13.11.2023 06:37:11.112 GMT-0800,74.804,74.766,0.0132,0.0009
13.11.2023 06:37:11.163 GMT-0800,74.804,74.756,0.0132,0.0132
13.11.2023 06:37:11.339 GMT-0800,74.803,74.767,0.0132,0.0009
13.11.2023 06:37:11.797 GMT-0800,74.843,74.787,0.0132,0.0132
13.11.2023 06:37:12.254 GMT-0800,74.844,74.786,0.0112,0.0132
13.11.2023 06:37:12.610 GMT-0800,74.834,74.786,0.0112,0.0132
13.11.2023 06:37:12.661 GMT-0800,74.813,74.757,0.0132,0.0132
13.11.2023 06:37:13.142 GMT-0800,74.824,74.756,0.0132,0.0132
13.11.2023 06:37:13.193 GMT-0800,74.814,74.756,0.0132,0.0132
13.11.2023 06:37:13.579 GMT-0800,74.824,74.756,0.0132,0.0132
13.11.2023 06:37:13.630 GMT-0800,74.813,74.757,0.0132,0.0132
13.11.2023 06:37:13.768 GMT-0800,74.82300000000001,74.757,0.0132,0.0132
13.11.2023 06:37:14.047 GMT-0800,74.834,74.756,0.0132,0.0132
13.11.2023 06:37:14.399 GMT-0800,74.834,74.786,0.0132,0.0009
13.11.2023 06:37:14.500 GMT-0800,74.814,74.77600000000001,0.0132,0.0132
13.11.2023 06:37:14.714 GMT-0800,74.824,74.77600000000001,0.0132,0.0132
13.11.2023 06:37:14.764 GMT-0800,74.82300000000001,74.777,0.0112,0.009
13.11.2023 06:37:14.815 GMT-0800,74.813,74.757,0.0132,0.0132
13.11.2023 06:37:14.866 GMT-0800,74.814,74.756,0.0112,0.0132
13.11.2023 06:37:14.988 GMT-0800,74.813,74.757,0.0132,0.0132
13.11.2023 06:37:15.777 GMT-0800,74.814,74.736,0.0132,0.0132
13.11.2023 06:37:16.878 GMT-0800,74.814,74.736,0.0112,0.0132
13.11.2023 06:37:16.980 GMT-0800,74.803,74.737,0.0132,0.0132
13.11.2023 06:37:17.030 GMT-0800,74.804,74.736,0.0112,0.0132
13.11.2023 06:37:17.185 GMT-0800,74.813,74.737,0.0132,0.0132
13.11.2023 06:37:17.299 GMT-0800,74.813,74.737,0.0112,0.0132
13.11.2023 06:37:17.350 GMT-0800,74.814,74.736,0.0132,0.0132
13.11.2023 06:37:17.876 GMT-0800,74.813,74.737,0.0112,0.0132
13.11.2023 06:37:20.239 GMT-0800,74.78399999999999,74.736,0.0112,0.009
13.11.2023 06:37:20.290 GMT-0800,74.77300000000001,74.727,0.0132,0.0132
13.11.2023 06:37:20.411 GMT-0800,74.774,74.726,0.0112,0.009
13.11.2023 06:37:20.462 GMT-0800,74.764,74.706,0.0132,0.0132
13.11.2023 06:37:20.535 GMT-0800,74.764,74.71600000000001,0.0112,0.0009
13.11.2023 06:37:20.719 GMT-0800,74.764,74.71600000000001,0.0132,0.0132
13.11.2023 06:37:21.959 GMT-0800,74.763,74.717,0.0112,0.0132
13.11.2023 06:37:22.010 GMT-0800,74.754,74.706,0.0132,0.0132
13.11.2023 06:37:22.065 GMT-0800,74.753,74.707,0.0112,0.0132
13.11.2023 06:37:22.166 GMT-0800,74.763,74.717,0.0132,0.0132
13.11.2023 06:37:22.506 GMT-0800,74.763,74.707,0.0132,0.0132
13.11.2023 06:37:23.465 GMT-0800,74.763,74.707,0.0112,0.0132
13.11.2023 06:37:23.988 GMT-0800,74.754,74.706,0.0112,0.0132
13.11.2023 06:37:25.553 GMT-0800,74.734,74.706,0.0112,0.0132
13.11.2023 06:37:25.604 GMT-0800,74.734,74.706,0.0132,0.0132
13.11.2023 06:37:30.395 GMT-0800,74.733,74.727,0.009,0.0009
13.11.2023 06:37:30.445 GMT-0800,74.764,74.726,0.0132,0.0132
13.11.2023 06:37:30.784 GMT-0800,74.764,74.726,0.0112,0.009
13.11.2023 06:37:30.835 GMT-0800,74.754,74.69600000000001,0.0132,0.0132
13.11.2023 06:37:30.940 GMT-0800,74.764,74.69600000000001,0.0132,0.0132
13.11.2023 06:37:31.207 GMT-0800,74.764,74.69600000000001,0.0112,0.0132
13.11.2023 06:37:31.408 GMT-0800,74.754,74.71600000000001,0.009,0.0009
13.11.2023 06:37:31.460 GMT-0800,74.764,74.69600000000001,0.0132,0.0132
13.11.2023 06:37:31.510 GMT-0800,74.763,74.717,0.0132,0.0132
13.11.2023 06:37:32.537 GMT-0800,74.764,74.736,0.0132,0.0009
13.11.2023 06:37:32.588 GMT-0800,74.764,74.71600000000001,0.0132,0.0132
13.11.2023 06:37:34.536 GMT-0800,74.763,74.717,0.0112,0.0132
13.11.2023 06:37:35.133 GMT-0800,74.753,74.727,0.0132,0.0009
13.11.2023 06:37:35.235 GMT-0800,74.753,74.717,0.0132,0.0132
13.11.2023 06:37:37.694 GMT-0800,74.753,74.727,0.009,0.0009
13.11.2023 06:37:37.856 GMT-0800,74.764,74.74600000000001,0.0132,0.0009
13.11.2023 06:37:38.394 GMT-0800,74.77300000000001,74.757,0.0132,0.009
13.11.2023 06:37:41.544 GMT-0800,74.77300000000001,74.757,0.0112,0.009
13.11.2023 06:37:41.594 GMT-0800,74.753,74.707,0.0132,0.0132
13.11.2023 06:37:41.740 GMT-0800,74.753,74.697,0.0132,0.0132
13.11.2023 06:37:41.791 GMT-0800,74.744,74.69600000000001,0.0132,0.0132
13.11.2023 06:37:42.688 GMT-0800,74.74300000000001,74.717,0.0132,0.0009
13.11.2023 06:37:42.739 GMT-0800,74.74300000000001,74.697,0.0132,0.0132
13.11.2023 06:37:43.018 GMT-0800,74.754,74.69600000000001,0.0132,0.0132
13.11.2023 06:37:43.880 GMT-0800,74.744,74.69600000000001,0.0132,0.0132
13.11.2023 06:37:44.344 GMT-0800,74.754,74.69600000000001,0.0132,0.0132
13.11.2023 06:37:44.839 GMT-0800,74.754,74.69600000000001,0.0112,0.0132
13.11.2023 06:37:45.163 GMT-0800,74.744,74.69600000000001,0.0112,0.0132
13.11.2023 06:37:45.646 GMT-0800,74.74300000000001,74.697,0.0132,0.0132
13.11.2023 06:37:45.700 GMT-0800,74.744,74.69600000000001,0.0112,0.0132
13.11.2023 06:37:46.189 GMT-0800,74.74300000000001,74.697,0.0132,0.0132
13.11.2023 06:37:46.446 GMT-0800,74.753,74.697,0.0132,0.0132
13.11.2023 06:37:46.798 GMT-0800,74.754,74.71600000000001,0.0132,0.0009
13.11.2023 06:37:46.849 GMT-0800,74.753,74.697,0.0132,0.0132
13.11.2023 06:37:48.502 GMT-0800,74.754,74.71600000000001,0.009,0.0009
13.11.2023 06:37:48.553 GMT-0800,74.774,74.71600000000001,0.0132,0.0132
13.11.2023 06:37:50.160 GMT-0800,74.77300000000001,74.697,0.0132,0.0132
13.11.2023 06:37:50.543 GMT-0800,74.764,74.69600000000001,0.0132,0.0132
13.11.2023 06:37:50.594 GMT-0800,74.774,74.69600000000001,0.0132,0.0132
13.11.2023 06:37:50.967 GMT-0800,74.774,74.706,0.0112,0.0009
13.11.2023 06:37:51.082 GMT-0800,74.754,74.71600000000001,0.0132,0.0009
13.11.2023 06:37:51.484 GMT-0800,74.753,74.707,0.0132,0.0132
13.11.2023 06:37:51.898 GMT-0800,74.753,74.717,0.0132,0.0009
13.11.2023 06:37:52.061 GMT-0800,74.774,74.71600000000001,0.0132,0.0132
13.11.2023 06:37:54.207 GMT-0800,74.77300000000001,74.727,0.0132,0.0009
13.11.2023 06:37:54.258 GMT-0800,74.77300000000001,74.717,0.0132,0.0132
13.11.2023 06:37:55.631 GMT-0800,74.774,74.74600000000001,0.0132,0.0009
13.11.2023 06:37:55.681 GMT-0800,74.77300000000001,74.737,0.0132,0.0009
13.11.2023 06:37:57.021 GMT-0800,74.77300000000001,74.717,0.0132,0.0132
13.11.2023 06:37:57.422 GMT-0800,74.774,74.736,0.0132,0.0009
13.11.2023 06:37:57.474 GMT-0800,74.77300000000001,74.727,0.0132,0.0132
13.11.2023 06:37:57.575 GMT-0800,74.774,74.736,0.0132,0.0132
13.11.2023 06:37:57.686 GMT-0800,74.804,74.766,0.0132,0.009
13.11.2023 06:37:57.736 GMT-0800,74.804,74.756,0.0132,0.0132
13.11.2023 06:37:57.844 GMT-0800,74.814,74.756,0.0132,0.0132
13.11.2023 06:37:58.709 GMT-0800,74.793,74.747,0.0132,0.0132
13.11.2023 06:37:59.308 GMT-0800,74.803,74.747,0.0132,0.0132
13.11.2023 06:37:59.359 GMT-0800,74.804,74.74600000000001,0.0112,0.0132
13.11.2023 06:37:59.710 GMT-0800,74.804,74.74600000000001,0.0132,0.0132
13.11.2023 06:37:59.761 GMT-0800,74.813,74.757,0.0132,0.0132
13.11.2023 06:37:59.913 GMT-0800,74.793,74.747,0.0132,0.0132
13.11.2023 06:38:00.457 GMT-0800,74.794,74.756,0.009,0.0009
13.11.2023 06:38:00.508 GMT-0800,74.813,74.757,0.0132,0.0132
13.11.2023 06:38:00.682 GMT-0800,74.814,74.766,0.0112,0.0009
13.11.2023 06:38:02.588 GMT-0800,74.794,74.77600000000001,0.009,0.0009
13.11.2023 06:38:02.638 GMT-0800,74.813,74.777,0.0132,0.009
13.11.2023 06:38:02.689 GMT-0800,74.814,74.766,0.0132,0.0132
13.11.2023 06:38:02.798 GMT-0800,74.813,74.767,0.0112,0.0132
13.11.2023 06:38:03.051 GMT-0800,74.813,74.767,0.0132,0.0132
13.11.2023 06:38:03.491 GMT-0800,74.813,74.777,0.0132,0.0009
13.11.2023 06:38:03.643 GMT-0800,74.813,74.767,0.0132,0.0132
13.11.2023 06:38:03.895 GMT-0800,74.814,74.77600000000001,0.0132,0.0009
13.11.2023 06:38:04.396 GMT-0800,74.813,74.777,0.0112,0.0132
13.11.2023 06:38:04.787 GMT-0800,74.813,74.777,0.0132,0.0132
13.11.2023 06:38:04.838 GMT-0800,74.813,74.787,0.0132,0.0009
13.11.2023 06:38:04.890 GMT-0800,74.813,74.777,0.0132,0.0132
13.11.2023 06:38:04.943 GMT-0800,74.814,74.77600000000001,0.0112,0.0132
13.11.2023 06:38:04.994 GMT-0800,74.814,74.77600000000001,0.0132,0.0132
13.11.2023 06:38:05.115 GMT-0800,74.814,74.796,0.0132,0.0009
13.11.2023 06:38:05.166 GMT-0800,74.814,74.786,0.0132,0.0009
13.11.2023 06:38:05.224 GMT-0800,74.813,74.777,0.0132,0.0132
13.11.2023 06:38:07.036 GMT-0800,74.813,74.787,0.0132,0.0009
13.11.2023 06:38:07.316 GMT-0800,74.813,74.777,0.0132,0.0132
13.11.2023 06:38:07.396 GMT-0800,74.813,74.787,0.0132,0.0009
13.11.2023 06:38:08.591 GMT-0800,74.814,74.786,0.0112,0.009
13.11.2023 06:38:08.642 GMT-0800,74.803,74.777,0.0132,0.0132
13.11.2023 06:38:09.055 GMT-0800,74.804,74.766,0.0132,0.0132
13.11.2023 06:38:09.219 GMT-0800,74.803,74.767,0.0112,0.0132
13.11.2023 06:38:09.880 GMT-0800,74.793,74.787,0.009,0.0009
13.11.2023 06:38:09.931 GMT-0800,74.814,74.77600000000001,0.0132,0.0132
13.11.2023 06:38:09.997 GMT-0800,74.814,74.77600000000001,0.0112,0.0132
13.11.2023 06:38:10.217 GMT-0800,74.813,74.777,0.0132,0.0132
13.11.2023 06:38:10.579 GMT-0800,74.813,74.777,0.0112,0.009
13.11.2023 06:38:11.321 GMT-0800,74.813,74.777,0.0132,0.0132
13.11.2023 06:38:11.372 GMT-0800,74.803,74.777,0.0132,0.0132
13.11.2023 06:38:11.423 GMT-0800,74.813,74.777,0.0132,0.0132
13.11.2023 06:38:13.332 GMT-0800,74.813,74.797,0.009,0.0009
13.11.2023 06:38:13.383 GMT-0800,74.843,74.817,0.0132,0.0009
13.11.2023 06:38:13.535 GMT-0800,74.844,74.80600000000001,0.0132,0.0132
13.11.2023 06:38:16.613 GMT-0800,74.844,74.80600000000001,0.0112,0.009
13.11.2023 06:38:16.776 GMT-0800,74.843,74.807,0.012,0.009
13.11.2023 06:38:16.827 GMT-0800,74.813,74.787,0.0132,0.0132
13.11.2023 06:38:16.877 GMT-0800,74.82300000000001,74.787,0.0132,0.0132
13.11.2023 06:38:16.992 GMT-0800,74.824,74.796,0.0132,0.0009
13.11.2023 06:38:17.167 GMT-0800,74.82300000000001,74.787,0.0132,0.0132
13.11.2023 06:38:17.746 GMT-0800,74.824,74.796,0.0132,0.0009
13.11.2023 06:38:17.973 GMT-0800,74.82300000000001,74.787,0.0132,0.0132
13.11.2023 06:38:19.265 GMT-0800,74.824,74.796,0.0132,0.0009
13.11.2023 06:38:19.368 GMT-0800,74.824,74.786,0.0132,0.0132
13.11.2023 06:38:19.936 GMT-0800,74.824,74.796,0.0132,0.0009
13.11.2023 06:38:20.787 GMT-0800,74.82300000000001,74.807,0.009,0.0009
13.11.2023 06:38:20.838 GMT-0800,74.833,74.797,0.0132,0.0132
13.11.2023 06:38:21.261 GMT-0800,74.834,74.80600000000001,0.0132,0.0132
13.11.2023 06:38:23.093 GMT-0800,74.833,74.797,0.0132,0.0132
13.11.2023 06:38:24.000 GMT-0800,74.834,74.80600000000001,0.0132,0.0009
13.11.2023 06:38:24.283 GMT-0800,74.833,74.797,0.0112,0.009
13.11.2023 06:38:24.435 GMT-0800,74.813,74.777,0.0132,0.0132
13.11.2023 06:38:24.486 GMT-0800,74.803,74.777,0.0132,0.0132
13.11.2023 06:38:24.537 GMT-0800,74.813,74.777,0.0132,0.0132
13.11.2023 06:38:25.758 GMT-0800,74.814,74.786,0.0132,0.0009
13.11.2023 06:38:26.025 GMT-0800,74.813,74.777,0.0132,0.0132
13.11.2023 06:38:26.076 GMT-0800,74.814,74.786,0.0132,0.0132
13.11.2023 06:38:26.127 GMT-0800,74.813,74.777,0.0132,0.0132
13.11.2023 06:38:26.228 GMT-0800,74.814,74.786,0.0132,0.0009
13.11.2023 06:38:26.330 GMT-0800,74.813,74.777,0.0132,0.0132
13.11.2023 06:38:26.381 GMT-0800,74.813,74.787,0.0132,0.0132
13.11.2023 06:38:26.431 GMT-0800,74.814,74.77600000000001,0.0132,0.0132
13.11.2023 06:38:26.925 GMT-0800,74.813,74.787,0.009,0.0009
13.11.2023 06:38:27.026 GMT-0800,74.833,74.797,0.0132,0.0132
13.11.2023 06:38:27.352 GMT-0800,74.834,74.786,0.0132,0.0132
13.11.2023 06:38:27.691 GMT-0800,74.834,74.796,0.0132,0.0009
13.11.2023 06:38:27.868 GMT-0800,74.834,74.786,0.0132,0.0132
13.11.2023 06:38:28.137 GMT-0800,74.834,74.796,0.0132,0.0009
13.11.2023 06:38:28.512 GMT-0800,74.834,74.786,0.0132,0.0132
13.11.2023 06:38:28.639 GMT-0800,74.833,74.797,0.0132,0.0009
13.11.2023 06:38:28.840 GMT-0800,74.834,74.80600000000001,0.0132,0.0009
13.11.2023 06:38:29.207 GMT-0800,74.833,74.797,0.0132,0.0132
13.11.2023 06:38:29.395 GMT-0800,74.833,74.807,0.0132,0.0009
13.11.2023 06:38:29.496 GMT-0800,74.844,74.816,0.0132,0.009
13.11.2023 06:38:29.598 GMT-0800,74.844,74.80600000000001,0.0132,0.0132
13.11.2023 06:38:30.345 GMT-0800,74.843,74.807,0.0112,0.0132
13.11.2023 06:38:30.446 GMT-0800,74.843,74.807,0.0132,0.0132
13.11.2023 06:38:30.497 GMT-0800,74.834,74.80600000000001,0.0132,0.0132
13.11.2023 06:38:30.692 GMT-0800,74.844,74.80600000000001,0.0132,0.0132
13.11.2023 06:38:30.862 GMT-0800,74.844,74.80600000000001,0.0112,0.0132
13.11.2023 06:38:31.148 GMT-0800,74.833,74.797,0.0112,0.0132
13.11.2023 06:38:31.249 GMT-0800,74.834,74.796,0.0132,0.0132
13.11.2023 06:38:31.354 GMT-0800,74.833,74.797,0.0112,0.0132
13.11.2023 06:38:31.405 GMT-0800,74.833,74.797,0.0132,0.0132
13.11.2023 06:38:31.683 GMT-0800,74.833,74.797,0.0112,0.0132
13.11.2023 06:38:31.785 GMT-0800,74.833,74.797,0.0132,0.0132
13.11.2023 06:38:31.923 GMT-0800,74.833,74.787,0.0132,0.0132
13.11.2023 06:38:31.973 GMT-0800,74.82300000000001,74.787,0.0132,0.0132
13.11.2023 06:38:32.764 GMT-0800,74.824,74.796,0.0132,0.0009
13.11.2023 06:38:32.814 GMT-0800,74.824,74.786,0.0132,0.0132
13.11.2023 06:38:32.954 GMT-0800,74.82300000000001,74.797,0.0132,0.0009
13.11.2023 06:38:33.005 GMT-0800,74.833,74.797,0.0132,0.0132
13.11.2023 06:38:33.056 GMT-0800,74.833,74.797,0.0112,0.0132
13.11.2023 06:38:33.107 GMT-0800,74.82300000000001,74.787,0.0132,0.0132
13.11.2023 06:38:33.538 GMT-0800,74.824,74.796,0.0132,0.0009
13.11.2023 06:38:33.589 GMT-0800,74.833,74.797,0.0132,0.0132
13.11.2023 06:38:33.650 GMT-0800,74.834,74.80600000000001,0.0132,0.0009
13.11.2023 06:38:33.700 GMT-0800,74.833,74.797,0.0132,0.0132
13.11.2023 06:38:33.921 GMT-0800,74.833,74.807,0.0132,0.0009
13.11.2023 06:38:34.072 GMT-0800,74.844,74.80600000000001,0.0132,0.0132
13.11.2023 06:38:34.123 GMT-0800,74.834,74.80600000000001,0.0132,0.0132
13.11.2023 06:38:34.224 GMT-0800,74.834,74.816,0.0132,0.0132
13.11.2023 06:38:34.592 GMT-0800,74.834,74.80600000000001,0.0132,0.0132
13.11.2023 06:38:34.994 GMT-0800,74.833,74.817,0.0132,0.0009
13.11.2023 06:38:35.243 GMT-0800,74.834,74.80600000000001,0.0132,0.0132
13.11.2023 06:38:35.373 GMT-0800,74.834,74.816,0.0132,0.0009
13.11.2023 06:38:35.423 GMT-0800,74.833,74.807,0.0132,0.0132
13.11.2023 06:38:37.061 GMT-0800,74.844,74.80600000000001,0.0132,0.0132
13.11.2023 06:38:37.111 GMT-0800,74.843,74.807,0.0112,0.0132
13.11.2023 06:38:39.856 GMT-0800,74.833,74.817,0.0132,0.0009
13.11.2023 06:38:40.369 GMT-0800,74.843,74.817,0.0132,0.0132
13.11.2023 06:38:40.483 GMT-0800,74.844,74.82600000000001,0.0132,0.0009
13.11.2023 06:38:40.584 GMT-0800,74.843,74.817,0.0132,0.0132
13.11.2023 06:38:40.662 GMT-0800,74.844,74.82600000000001,0.0132,0.0009
13.11.2023 06:38:41.149 GMT-0800,74.863,74.827,0.0132,0.0132
13.11.2023 06:38:41.326 GMT-0800,74.864,74.82600000000001,0.0112,0.0132
13.11.2023 06:38:41.599 GMT-0800,74.85300000000001,74.817,0.0132,0.0132
13.11.2023 06:38:41.649 GMT-0800,74.85300000000001,74.827,0.0132,0.0132
13.11.2023 06:38:41.750 GMT-0800,74.863,74.827,0.0132,0.0132
13.11.2023 06:38:42.267 GMT-0800,74.863,74.837,0.0132,0.0009
13.11.2023 06:38:42.368 GMT-0800,74.863,74.827,0.0132,0.0132
13.11.2023 06:38:42.975 GMT-0800,74.864,74.836,0.0132,0.0132
13.11.2023 06:38:43.907 GMT-0800,74.864,74.82600000000001,0.0132,0.0132
13.11.2023 06:38:44.008 GMT-0800,74.85300000000001,74.817,0.0132,0.0132
13.11.2023 06:38:44.197 GMT-0800,74.85300000000001,74.817,0.0112,0.009
13.11.2023 06:38:44.248 GMT-0800,74.834,74.77600000000001,0.0132,0.0132
13.11.2023 06:38:44.299 GMT-0800,74.834,74.786,0.0132,0.0132
13.11.2023 06:38:44.400 GMT-0800,74.834,74.796,0.0132,0.009
13.11.2023 06:38:44.755 GMT-0800,74.833,74.807,0.0132,0.0132
13.11.2023 06:38:44.882 GMT-0800,74.833,74.797,0.0132,0.0132
13.11.2023 06:38:44.936 GMT-0800,74.834,74.80600000000001,0.0132,0.0009
13.11.2023 06:38:45.037 GMT-0800,74.833,74.797,0.0132,0.0132
13.11.2023 06:38:45.124 GMT-0800,74.833,74.807,0.0132,0.0009
13.11.2023 06:38:46.131 GMT-0800,74.843,74.807,0.0132,0.0132
13.11.2023 06:38:46.942 GMT-0800,74.844,74.80600000000001,0.0112,0.0132
13.11.2023 06:38:50.429 GMT-0800,74.833,74.817,0.0132,0.0009
13.11.2023 06:38:50.480 GMT-0800,74.833,74.807,0.0132,0.0132
13.11.2023 06:38:52.560 GMT-0800,74.833,74.827,0.009,0.0009
13.11.2023 06:38:52.610 GMT-0800,74.833,74.817,0.009,0.0009
13.11.2023 06:38:52.739 GMT-0800,74.843,74.817,0.0132,0.0132
13.11.2023 06:38:52.981 GMT-0800,74.843,74.807,0.0132,0.0132
13.11.2023 06:38:53.038 GMT-0800,74.844,74.816,0.0132,0.0009
13.11.2023 06:38:53.225 GMT-0800,74.854,74.816,0.0132,0.0132
13.11.2023 06:38:53.329 GMT-0800,74.85300000000001,74.817,0.0112,0.0132
13.11.2023 06:38:53.380 GMT-0800,74.844,74.80600000000001,0.0132,0.0132
13.11.2023 06:38:53.973 GMT-0800,74.844,74.816,0.0132,0.0009
13.11.2023 06:38:54.144 GMT-0800,74.844,74.82600000000001,0.009,0.0009
13.11.2023 06:38:54.246 GMT-0800,74.843,74.817,0.0132,0.0132
13.11.2023 06:38:54.730 GMT-0800,74.854,74.816,0.0132,0.0132
13.11.2023 06:38:54.849 GMT-0800,74.85300000000001,74.817,0.0112,0.0132
13.11.2023 06:38:55.935 GMT-0800,74.854,74.816,0.0132,0.0132
13.11.2023 06:38:56.154 GMT-0800,74.85300000000001,74.827,0.0132,0.0009
13.11.2023 06:38:56.255 GMT-0800,74.854,74.816,0.0132,0.0132
13.11.2023 06:38:56.369 GMT-0800,74.854,74.82600000000001,0.0132,0.009
13.11.2023 06:38:56.422 GMT-0800,74.854,74.816,0.0132,0.0132
13.11.2023 06:38:57.218 GMT-0800,74.864,74.816,0.0132,0.0132
13.11.2023 06:38:57.613 GMT-0800,74.863,74.817,0.0112,0.0132
13.11.2023 06:38:57.866 GMT-0800,74.864,74.82600000000001,0.0132,0.009
13.11.2023 06:38:58.032 GMT-0800,74.85300000000001,74.827,0.009,0.0009
13.11.2023 06:38:58.432 GMT-0800,74.854,74.816,0.0132,0.0132
13.11.2023 06:38:58.631 GMT-0800,74.854,74.816,0.0112,0.0132
13.11.2023 06:38:59.265 GMT-0800,74.854,74.816,0.0132,0.0132
13.11.2023 06:39:00.068 GMT-0800,74.854,74.82600000000001,0.0132,0.0009
13.11.2023 06:39:00.303 GMT-0800,74.85300000000001,74.817,0.0132,0.0132
13.11.2023 06:39:00.455 GMT-0800,74.854,74.82600000000001,0.0132,0.0132
13.11.2023 06:39:00.658 GMT-0800,74.863,74.827,0.0132,0.0132
13.11.2023 06:39:00.727 GMT-0800,74.864,74.82600000000001,0.0112,0.0132
13.11.2023 06:39:00.828 GMT-0800,74.854,74.816,0.0132,0.0132
13.11.2023 06:39:01.455 GMT-0800,74.854,74.816,0.0112,0.0132
13.11.2023 06:39:01.570 GMT-0800,74.844,74.816,0.0112,0.0132
13.11.2023 06:39:01.975 GMT-0800,74.82300000000001,74.787,0.0132,0.0132
13.11.2023 06:39:04.690 GMT-0800,74.834,74.786,0.0132,0.0132
13.11.2023 06:39:05.033 GMT-0800,74.834,74.786,0.0112,0.0132
13.11.2023 06:39:05.200 GMT-0800,74.854,74.82600000000001,0.009,0.0132
13.11.2023 06:39:05.251 GMT-0800,74.864,74.82600000000001,0.0132,0.0132
13.11.2023 06:39:05.391 GMT-0800,74.864,74.82600000000001,0.0112,0.0132
13.11.2023 06:39:05.774 GMT-0800,74.863,74.837,0.0132,0.0132
13.11.2023 06:39:06.668 GMT-0800,74.85300000000001,74.827,0.0132,0.0132
13.11.2023 06:39:07.072 GMT-0800,74.864,74.82600000000001,0.0132,0.0132
13.11.2023 06:39:07.490 GMT-0800,74.864,74.836,0.0132,0.0132
13.11.2023 06:39:08.029 GMT-0800,74.863,74.847,0.0132,0.0009
13.11.2023 06:39:08.080 GMT-0800,74.864,74.836,0.0132,0.0132
13.11.2023 06:39:09.171 GMT-0800,74.864,74.846,0.0132,0.0009
13.11.2023 06:39:09.272 GMT-0800,74.873,74.847,0.0132,0.0132
13.11.2023 06:39:09.509 GMT-0800,74.874,74.836,0.0132,0.0132
13.11.2023 06:39:09.908 GMT-0800,74.873,74.837,0.0112,0.0132
13.11.2023 06:39:10.769 GMT-0800,74.864,74.846,0.009,0.0009
13.11.2023 06:39:10.820 GMT-0800,74.874,74.846,0.0132,0.0132
13.11.2023 06:39:14.034 GMT-0800,74.873,74.857,0.009,0.0009
13.11.2023 06:39:14.085 GMT-0800,74.88300000000001,74.857,0.0132,0.0132
13.11.2023 06:39:14.231 GMT-0800,74.88300000000001,74.867,0.0132,0.0009
13.11.2023 06:39:14.536 GMT-0800,74.884,74.85600000000001,0.0132,0.0132
13.11.2023 06:39:15.108 GMT-0800,74.884,74.85600000000001,0.0112,0.009
13.11.2023 06:39:15.209 GMT-0800,74.884,74.846,0.0132,0.0132
13.11.2023 06:39:15.677 GMT-0800,74.88300000000001,74.857,0.0132,0.0009
13.11.2023 06:39:15.778 GMT-0800,74.88300000000001,74.867,0.0132,0.0132
13.11.2023 06:39:15.829 GMT-0800,74.884,74.85600000000001,0.0132,0.0132
13.11.2023 06:39:17.859 GMT-0800,74.884,74.846,0.0132,0.0132
13.11.2023 06:39:17.909 GMT-0800,74.873,74.847,0.0132,0.0132
13.11.2023 06:39:19.012 GMT-0800,74.874,74.846,0.0112,0.009
13.11.2023 06:39:19.063 GMT-0800,74.863,74.837,0.0132,0.0132
13.11.2023 06:39:19.114 GMT-0800,74.864,74.816,0.0132,0.0132
13.11.2023 06:39:20.302 GMT-0800,74.874,74.846,0.0132,0.0009
13.11.2023 06:39:20.534 GMT-0800,74.873,74.817,0.0132,0.0132
13.11.2023 06:39:20.698 GMT-0800,74.873,74.847,0.0132,0.0009
13.11.2023 06:39:21.418 GMT-0800,74.873,74.837,0.0112,0.0132
13.11.2023 06:39:21.627 GMT-0800,74.864,74.846,0.0132,0.0009
13.11.2023 06:39:21.677 GMT-0800,74.863,74.837,0.0132,0.0132
13.11.2023 06:39:21.884 GMT-0800,74.863,74.847,0.0132,0.0009
13.11.2023 06:39:22.063 GMT-0800,74.873,74.847,0.0132,0.0132
13.11.2023 06:39:22.115 GMT-0800,74.874,74.85600000000001,0.0132,0.0009
13.11.2023 06:39:22.166 GMT-0800,74.873,74.847,0.0132,0.0132
13.11.2023 06:39:22.683 GMT-0800,74.873,74.857,0.0132,0.0009
13.11.2023 06:39:23.076 GMT-0800,74.874,74.846,0.0132,0.0132
13.11.2023 06:39:23.402 GMT-0800,74.874,74.85600000000001,0.0132,0.0132
13.11.2023 06:39:23.827 GMT-0800,74.873,74.857,0.0112,0.009
13.11.2023 06:39:23.878 GMT-0800,74.864,74.836,0.0132,0.0132
13.11.2023 06:39:23.929 GMT-0800,74.854,74.836,0.0132,0.0132
13.11.2023 06:39:25.123 GMT-0800,74.85300000000001,74.847,0.009,0.0009
13.11.2023 06:39:25.173 GMT-0800,74.854,74.836,0.009,0.0132
13.11.2023 06:39:25.224 GMT-0800,74.874,74.836,0.0132,0.0132
13.11.2023 06:39:25.275 GMT-0800,74.874,74.846,0.0132,0.0009
13.11.2023 06:39:26.480 GMT-0800,74.873,74.837,0.0132,0.0132
13.11.2023 06:39:26.762 GMT-0800,74.873,74.837,0.0112,0.0132
13.11.2023 06:39:26.863 GMT-0800,74.874,74.836,0.0132,0.0132
13.11.2023 06:39:27.030 GMT-0800,74.874,74.836,0.0112,0.0132
13.11.2023 06:39:29.321 GMT-0800,74.864,74.836,0.0112,0.0132
13.11.2023 06:39:29.422 GMT-0800,74.863,74.837,0.0132,0.0132
13.11.2023 06:39:29.835 GMT-0800,74.864,74.836,0.0112,0.0132
13.11.2023 06:39:31.479 GMT-0800,74.874,74.836,0.0132,0.0132
13.11.2023 06:39:31.546 GMT-0800,74.873,74.837,0.0112,0.0132
13.11.2023 06:39:32.054 GMT-0800,74.864,74.846,0.009,0.0009
13.11.2023 06:39:32.104 GMT-0800,74.874,74.846,0.0132,0.0132
13.11.2023 06:39:32.790 GMT-0800,74.873,74.837,0.0132,0.0132
13.11.2023 06:39:33.058 GMT-0800,74.874,74.836,0.0112,0.0132
13.11.2023 06:39:37.102 GMT-0800,74.874,74.846,0.0132,0.0132
13.11.2023 06:39:37.874 GMT-0800,74.874,74.836,0.0132,0.0132
13.11.2023 06:39:38.050 GMT-0800,74.873,74.847,0.0132,0.0009
13.11.2023 06:39:38.252 GMT-0800,74.874,74.836,0.0132,0.0132
13.11.2023 06:39:38.302 GMT-0800,74.88300000000001,74.857,0.0132,0.0132
13.11.2023 06:39:38.923 GMT-0800,74.884,74.866,0.0132,0.0009
13.11.2023 06:39:39.157 GMT-0800,74.884,74.85600000000001,0.0132,0.0132
13.11.2023 06:39:40.609 GMT-0800,74.88300000000001,74.867,0.0132,0.0132
13.11.2023 06:39:40.968 GMT-0800,74.884,74.876,0.009,0.0009
13.11.2023 06:39:41.019 GMT-0800,74.903,74.877,0.0132,0.0132
13.11.2023 06:39:41.195 GMT-0800,74.904,74.866,0.0132,0.0132
13.11.2023 06:39:41.245 GMT-0800,74.904,74.876,0.009,0.0009
13.11.2023 06:39:41.346 GMT-0800,74.904,74.866,0.0132,0.0132
13.11.2023 06:39:41.397 GMT-0800,74.903,74.877,0.0132,0.0009
13.11.2023 06:39:41.547 GMT-0800,74.904,74.866,0.0132,0.0132
13.11.2023 06:39:41.613 GMT-0800,74.903,74.877,0.0132,0.0009
13.11.2023 06:39:41.779 GMT-0800,74.904,74.866,0.0132,0.0132
13.11.2023 06:39:42.098 GMT-0800,74.904,74.876,0.0132,0.0009
13.11.2023 06:39:42.875 GMT-0800,74.913,74.887,0.0132,0.0132
13.11.2023 06:39:42.976 GMT-0800,74.914,74.876,0.0132,0.0132
13.11.2023 06:39:43.163 GMT-0800,74.913,74.887,0.0132,0.0009
13.11.2023 06:39:43.445 GMT-0800,74.913,74.877,0.0132,0.0132
13.11.2023 06:39:43.734 GMT-0800,74.914,74.88600000000001,0.0132,0.0009
13.11.2023 06:39:44.256 GMT-0800,74.913,74.877,0.0132,0.0132
13.11.2023 06:39:44.402 GMT-0800,74.914,74.876,0.0112,0.0132
13.11.2023 06:39:45.925 GMT-0800,74.903,74.867,0.0132,0.0132
13.11.2023 06:39:46.400 GMT-0800,74.903,74.877,0.0132,0.0132
13.11.2023 06:39:46.525 GMT-0800,74.904,74.866,0.0132,0.0132
13.11.2023 06:39:47.313 GMT-0800,74.903,74.877,0.0132,0.0009
13.11.2023 06:39:49.351 GMT-0800,74.904,74.866,0.0132,0.0132
13.11.2023 06:39:49.557 GMT-0800,74.89399999999999,74.85600000000001,0.0132,0.0132
13.11.2023 06:39:49.776 GMT-0800,74.89399999999999,74.866,0.0132,0.0009
13.11.2023 06:39:50.207 GMT-0800,74.893,74.877,0.0132,0.0009
13.11.2023 06:39:55.008 GMT-0800,74.904,74.876,0.0132,0.0132
13.11.2023 06:39:56.109 GMT-0800,74.904,74.88600000000001,0.0132,0.0132
13.11.2023 06:39:56.457 GMT-0800,74.904,74.896,0.009,0.0009
13.11.2023 06:39:56.558 GMT-0800,74.943,74.897,0.0132,0.0132
13.11.2023 06:39:56.774 GMT-0800,74.944,74.906,0.0132,0.0009
13.11.2023 06:39:56.926 GMT-0800,74.943,74.897,0.0132,0.0132
13.11.2023 06:39:56.976 GMT-0800,74.944,74.906,0.0132,0.0132
13.11.2023 06:39:57.091 GMT-0800,74.933,74.897,0.0112,0.0132
13.11.2023 06:39:57.142 GMT-0800,74.944,74.896,0.0132,0.0132
13.11.2023 06:39:57.258 GMT-0800,74.944,74.896,0.0112,0.0132
13.11.2023 06:39:57.309 GMT-0800,74.944,74.896,0.0132,0.0132
13.11.2023 06:39:57.409 GMT-0800,74.944,74.896,0.0112,0.0132
13.11.2023 06:40:00.503 GMT-0800,74.943,74.897,0.0132,0.0132
13.11.2023 06:40:01.246 GMT-0800,74.944,74.896,0.0112,0.0132
13.11.2023 06:40:01.481 GMT-0800,74.943,74.897,0.0132,0.0132
13.11.2023 06:40:01.688 GMT-0800,74.944,74.896,0.0112,0.0132
13.11.2023 06:40:01.789 GMT-0800,74.92399999999999,74.896,0.0132,0.0132
13.11.2023 06:40:01.890 GMT-0800,74.944,74.896,0.0112,0.0132
13.11.2023 06:40:02.312 GMT-0800,74.933,74.897,0.0112,0.0132
13.11.2023 06:40:02.526 GMT-0800,74.934,74.906,0.0132,0.0132
13.11.2023 06:40:02.737 GMT-0800,74.934,74.906,0.0112,0.0132
13.11.2023 06:40:03.398 GMT-0800,74.933,74.907,0.0132,0.0132
13.11.2023 06:40:04.177 GMT-0800,74.934,74.906,0.0112,0.0132
13.11.2023 06:40:04.228 GMT-0800,74.933,74.907,0.0132,0.0132
13.11.2023 06:40:04.417 GMT-0800,74.934,74.906,0.0112,0.0132
13.11.2023 06:40:04.806 GMT-0800,74.934,74.906,0.0132,0.0132
13.11.2023 06:40:04.859 GMT-0800,74.934,74.906,0.0112,0.0132
13.11.2023 06:40:05.012 GMT-0800,74.92399999999999,74.896,0.0132,0.0132
13.11.2023 06:40:05.557 GMT-0800,74.923,74.907,0.009,0.0009
13.11.2023 06:40:05.608 GMT-0800,74.933,74.907,0.0132,0.0132
13.11.2023 06:40:05.714 GMT-0800,74.943,74.907,0.0132,0.0132
13.11.2023 06:40:05.772 GMT-0800,74.943,74.917,0.0132,0.0009
13.11.2023 06:40:05.957 GMT-0800,74.944,74.91600000000001,0.0112,0.009
13.11.2023 06:40:06.008 GMT-0800,74.933,74.907,0.0132,0.0132
13.11.2023 06:40:06.716 GMT-0800,74.954,74.906,0.0132,0.0132
13.11.2023 06:40:07.198 GMT-0800,74.953,74.917,0.0132,0.0009
13.11.2023 06:40:07.655 GMT-0800,74.943,74.917,0.009,0.0132
13.11.2023 06:40:07.706 GMT-0800,74.953,74.917,0.0132,0.0132
13.11.2023 06:40:08.248 GMT-0800,74.954,74.926,0.0132,0.0132
13.11.2023 06:40:08.590 GMT-0800,74.96300000000001,74.927,0.0132,0.0132
13.11.2023 06:40:08.679 GMT-0800,74.96300000000001,74.927,0.0112,0.0132
13.11.2023 06:40:09.781 GMT-0800,74.954,74.91600000000001,0.0132,0.0132
13.11.2023 06:40:09.832 GMT-0800,74.943,74.917,0.0132,0.0132
13.11.2023 06:40:10.131 GMT-0800,74.953,74.927,0.0132,0.009
13.11.2023 06:40:10.181 GMT-0800,74.953,74.917,0.0132,0.0132
13.11.2023 06:40:10.688 GMT-0800,74.953,74.927,0.0132,0.0009
13.11.2023 06:40:11.001 GMT-0800,74.964,74.926,0.0132,0.0132
13.11.2023 06:40:11.984 GMT-0800,74.964,74.926,0.0112,0.0132
13.11.2023 06:40:12.035 GMT-0800,74.944,74.906,0.0132,0.0132
13.11.2023 06:40:12.260 GMT-0800,74.943,74.907,0.0112,0.0132
13.11.2023 06:40:12.869 GMT-0800,74.943,74.907,0.0132,0.0132
13.11.2023 06:40:12.991 GMT-0800,74.944,74.91600000000001,0.0132,0.0009
13.11.2023 06:40:13.143 GMT-0800,74.954,74.91600000000001,0.0132,0.0132
13.11.2023 06:40:13.263 GMT-0800,74.954,74.91600000000001,0.0112,0.0132
13.11.2023 06:40:15.106 GMT-0800,74.953,74.917,0.0132,0.0132
13.11.2023 06:40:15.239 GMT-0800,74.953,74.917,0.0112,0.0132
13.11.2023 06:40:15.424 GMT-0800,74.954,74.91600000000001,0.0132,0.0132
13.11.2023 06:40:15.824 GMT-0800,74.953,74.927,0.0132,0.0132
13.11.2023 06:40:16.195 GMT-0800,74.953,74.937,0.0132,0.0009
13.11.2023 06:40:16.321 GMT-0800,74.953,74.927,0.0132,0.0132
13.11.2023 06:40:17.346 GMT-0800,74.954,74.926,0.0112,0.009
13.11.2023 06:40:17.396 GMT-0800,74.944,74.91600000000001,0.0132,0.0132
13.11.2023 06:40:17.695 GMT-0800,74.943,74.927,0.009,0.0009
13.11.2023 06:40:17.746 GMT-0800,74.954,74.91600000000001,0.0132,0.0132
13.11.2023 06:40:17.981 GMT-0800,74.953,74.917,0.0112,0.0132
13.11.2023 06:40:18.250 GMT-0800,74.934,74.896,0.0132,0.0132
13.11.2023 06:40:18.687 GMT-0800,74.933,74.907,0.0132,0.0009
13.11.2023 06:40:19.087 GMT-0800,74.933,74.917,0.0132,0.0009
13.11.2023 06:40:19.138 GMT-0800,74.933,74.907,0.0132,0.0132
13.11.2023 06:40:19.189 GMT-0800,74.943,74.907,0.0132,0.0132
13.11.2023 06:40:19.239 GMT-0800,74.934,74.906,0.0132,0.0132
13.11.2023 06:40:19.290 GMT-0800,74.944,74.906,0.0132,0.0132
13.11.2023 06:40:19.367 GMT-0800,74.944,74.906,0.0112,0.0132
13.11.2023 06:40:22.130 GMT-0800,74.934,74.91600000000001,0.009,0.0009
13.11.2023 06:40:22.180 GMT-0800,74.933,74.907,0.0132,0.0132
13.11.2023 06:40:22.461 GMT-0800,74.943,74.907,0.0132,0.0132
13.11.2023 06:40:22.596 GMT-0800,74.943,74.907,0.0112,0.0132
13.11.2023 06:40:22.887 GMT-0800,74.944,74.906,0.0132,0.0132
13.11.2023 06:40:23.769 GMT-0800,74.944,74.906,0.0112,0.0132
13.11.2023 06:40:23.820 GMT-0800,74.943,74.907,0.0132,0.0132
13.11.2023 06:40:24.748 GMT-0800,74.943,74.907,0.0112,0.0132
13.11.2023 06:40:25.471 GMT-0800,74.934,74.91600000000001,0.0132,0.0009
13.11.2023 06:40:25.573 GMT-0800,74.943,74.917,0.0132,0.0132
13.11.2023 06:40:25.695 GMT-0800,74.943,74.917,0.0112,0.009
13.11.2023 06:40:25.875 GMT-0800,74.934,74.906,0.0132,0.0132
13.11.2023 06:40:25.981 GMT-0800,74.934,74.906,0.0112,0.0132
13.11.2023 06:40:26.828 GMT-0800,74.934,74.906,0.0132,0.0132
13.11.2023 06:40:27.068 GMT-0800,74.944,74.906,0.0132,0.0132
13.11.2023 06:40:27.208 GMT-0800,74.944,74.906,0.0112,0.0132
13.11.2023 06:40:28.435 GMT-0800,74.934,74.906,0.0112,0.0132
13.11.2023 06:40:28.486 GMT-0800,74.933,74.907,0.0132,0.0132
13.11.2023 06:40:28.831 GMT-0800,74.933,74.927,0.009,0.0009
13.11.2023 06:40:28.881 GMT-0800,74.954,74.926,0.0132,0.009
13.11.2023 06:40:28.961 GMT-0800,74.953,74.917,0.0132,0.0132
13.11.2023 06:40:29.299 GMT-0800,74.954,74.926,0.0132,0.0009
13.11.2023 06:40:31.510 GMT-0800,74.964,74.936,0.0132,0.0132
13.11.2023 06:40:31.611 GMT-0800,74.974,74.94600000000001,0.0132,0.0132
13.11.2023 06:40:31.662 GMT-0800,74.983,74.947,0.0132,0.0132
13.11.2023 06:40:31.772 GMT-0800,74.984,74.94600000000001,0.0112,0.0132
13.11.2023 06:40:31.822 GMT-0800,74.983,74.947,0.0132,0.0132
13.11.2023 06:40:32.083 GMT-0800,74.984,74.94600000000001,0.0112,0.009
13.11.2023 06:40:32.143 GMT-0800,74.974,74.936,0.0132,0.0132
13.11.2023 06:40:32.244 GMT-0800,74.984,74.936,0.0132,0.0132
13.11.2023 06:40:32.501 GMT-0800,74.984,74.956,0.0132,0.0009
13.11.2023 06:40:32.653 GMT-0800,74.994,74.956,0.009,0.0132
13.11.2023 06:40:32.704 GMT-0800,75.003,74.957,0.0132,0.0132
13.11.2023 06:40:32.864 GMT-0800,75.004,74.956,0.0112,0.0132
13.11.2023 06:40:32.916 GMT-0800,75.004,74.956,0.0132,0.0132
13.11.2023 06:40:33.950 GMT-0800,75.004,74.956,0.0112,0.0132
13.11.2023 06:40:34.000 GMT-0800,75.003,74.957,0.0132,0.0132
13.11.2023 06:40:34.200 GMT-0800,75.004,74.956,0.0112,0.0132
13.11.2023 06:40:34.301 GMT-0800,75.004,74.956,0.0132,0.0132
13.11.2023 06:40:34.640 GMT-0800,75.004,74.956,0.0112,0.009
13.11.2023 06:40:34.691 GMT-0800,74.983,74.937,0.0132,0.0132
13.11.2023 06:40:34.811 GMT-0800,74.983,74.957,0.0132,0.0009
13.11.2023 06:40:34.965 GMT-0800,75.003,74.957,0.0132,0.0132
13.11.2023 06:40:35.088 GMT-0800,75.003,74.957,0.0112,0.0132
13.11.2023 06:40:35.252 GMT-0800,74.99300000000001,74.967,0.0112,0.009
13.11.2023 06:40:35.302 GMT-0800,74.994,74.956,0.0132,0.0132
13.11.2023 06:40:35.353 GMT-0800,74.994,74.96600000000001,0.0132,0.0132
13.11.2023 06:40:35.454 GMT-0800,74.994,74.956,0.0132,0.0132
13.11.2023 06:40:36.260 GMT-0800,74.994,74.96600000000001,0.0132,0.0009
13.11.2023 06:40:36.486 GMT-0800,74.994,74.956,0.0132,0.0132
13.11.2023 06:40:36.546 GMT-0800,74.994,74.96600000000001,0.0132,0.0009
13.11.2023 06:40:36.874 GMT-0800,74.994,74.956,0.0132,0.0132
13.11.2023 06:40:36.925 GMT-0800,74.99300000000001,74.967,0.0132,0.0132
13.11.2023 06:40:37.026 GMT-0800,74.99300000000001,74.957,0.0132,0.0132
13.11.2023 06:40:37.399 GMT-0800,74.99300000000001,74.957,0.0112,0.009
13.11.2023 06:40:37.505 GMT-0800,74.983,74.937,0.0132,0.0132
13.11.2023 06:40:37.555 GMT-0800,74.984,74.94600000000001,0.0132,0.0009
13.11.2023 06:40:37.606 GMT-0800,74.99300000000001,74.947,0.0132,0.0132
13.11.2023 06:40:37.794 GMT-0800,74.99300000000001,74.947,0.0112,0.0132
13.11.2023 06:40:37.895 GMT-0800,74.983,74.937,0.0132,0.0132
13.11.2023 06:40:38.947 GMT-0800,74.984,74.936,0.0112,0.0132
13.11.2023 06:40:38.997 GMT-0800,74.983,74.937,0.0132,0.0132
13.11.2023 06:40:39.048 GMT-0800,74.974,74.936,0.009,0.0132
13.11.2023 06:40:39.099 GMT-0800,74.983,74.937,0.0132,0.0132
13.11.2023 06:40:39.189 GMT-0800,74.984,74.936,0.0112,0.0132
13.11.2023 06:40:39.290 GMT-0800,74.983,74.937,0.0132,0.0132
13.11.2023 06:40:39.358 GMT-0800,74.984,74.936,0.0112,0.0132
13.11.2023 06:40:39.409 GMT-0800,74.983,74.937,0.0132,0.0132
13.11.2023 06:40:40.673 GMT-0800,74.974,74.936,0.0132,0.0132
13.11.2023 06:40:40.779 GMT-0800,74.974,74.936,0.0112,0.0132
13.11.2023 06:40:41.529 GMT-0800,74.974,74.936,0.0132,0.0132
13.11.2023 06:40:41.748 GMT-0800,74.974,74.94600000000001,0.0132,0.0009
13.11.2023 06:40:41.798 GMT-0800,74.974,74.936,0.0132,0.0132
13.11.2023 06:40:42.308 GMT-0800,74.973,74.937,0.0112,0.0132
13.11.2023 06:40:43.317 GMT-0800,74.974,74.936,0.0132,0.0132
13.11.2023 06:40:43.538 GMT-0800,74.973,74.937,0.0112,0.009
13.11.2023 06:40:43.588 GMT-0800,74.953,74.927,0.0132,0.0132
13.11.2023 06:40:44.158 GMT-0800,74.96300000000001,74.927,0.0132,0.0132
13.11.2023 06:40:44.688 GMT-0800,74.964,74.936,0.0132,0.0009
13.11.2023 06:40:45.283 GMT-0800,74.964,74.926,0.0132,0.0132
13.11.2023 06:40:45.334 GMT-0800,74.964,74.936,0.009,0.0009
13.11.2023 06:40:45.385 GMT-0800,74.974,74.936,0.0132,0.0132
13.11.2023 06:40:45.508 GMT-0800,74.973,74.927,0.0132,0.0132
13.11.2023 06:40:45.782 GMT-0800,74.974,74.936,0.0132,0.0009
13.11.2023 06:40:47.161 GMT-0800,74.973,74.947,0.0132,0.0009
13.11.2023 06:40:47.262 GMT-0800,74.984,74.956,0.0132,0.0132
13.11.2023 06:40:47.414 GMT-0800,74.994,74.956,0.0132,0.0132
13.11.2023 06:40:47.464 GMT-0800,74.99300000000001,74.957,0.0112,0.009
13.11.2023 06:40:47.515 GMT-0800,74.983,74.947,0.0132,0.0132
13.11.2023 06:40:47.608 GMT-0800,74.984,74.94600000000001,0.0112,0.0132
13.11.2023 06:40:47.709 GMT-0800,74.983,74.947,0.0132,0.0132
13.11.2023 06:40:47.760 GMT-0800,74.984,74.94600000000001,0.0112,0.0132
13.11.2023 06:40:47.861 GMT-0800,74.973,74.947,0.0112,0.009
13.11.2023 06:40:47.912 GMT-0800,74.964,74.926,0.0132,0.0132
13.11.2023 06:40:47.963 GMT-0800,74.953,74.927,0.0132,0.0132
13.11.2023 06:40:48.380 GMT-0800,74.96300000000001,74.927,0.0132,0.0132
13.11.2023 06:40:48.432 GMT-0800,74.96300000000001,74.927,0.0112,0.0132
13.11.2023 06:40:48.533 GMT-0800,74.96300000000001,74.927,0.0132,0.0132
13.11.2023 06:40:49.287 GMT-0800,74.96300000000001,74.927,0.0112,0.0132
13.11.2023 06:40:49.338 GMT-0800,74.96300000000001,74.927,0.0132,0.0132
13.11.2023 06:40:49.519 GMT-0800,74.96300000000001,74.927,0.0112,0.0132
13.11.2023 06:40:49.690 GMT-0800,74.96300000000001,74.927,0.0132,0.0132
13.11.2023 06:40:49.740 GMT-0800,74.96300000000001,74.927,0.0112,0.0132
13.11.2023 06:40:49.842 GMT-0800,74.96300000000001,74.927,0.0132,0.0132
13.11.2023 06:40:49.999 GMT-0800,74.96300000000001,74.937,0.009,0.0009
13.11.2023 06:40:50.101 GMT-0800,74.974,74.936,0.0132,0.0132
13.11.2023 06:40:50.151 GMT-0800,74.974,74.94600000000001,0.0132,0.0009
13.11.2023 06:40:50.447 GMT-0800,74.973,74.937,0.0132,0.0132
13.11.2023 06:40:50.497 GMT-0800,74.973,74.947,0.0132,0.0009
13.11.2023 06:40:50.827 GMT-0800,74.974,74.936,0.0132,0.0132
13.11.2023 06:40:50.886 GMT-0800,74.974,74.94600000000001,0.0132,0.0009
13.11.2023 06:40:51.126 GMT-0800,74.973,74.937,0.0132,0.0132
13.11.2023 06:40:51.209 GMT-0800,74.973,74.947,0.0132,0.0009
13.11.2023 06:40:51.528 GMT-0800,74.973,74.937,0.0132,0.0132
13.11.2023 06:40:51.587 GMT-0800,74.974,74.94600000000001,0.0132,0.0009
13.11.2023 06:40:51.688 GMT-0800,74.974,74.936,0.0132,0.0132
13.11.2023 06:40:53.185 GMT-0800,74.974,74.94600000000001,0.0132,0.0009
13.11.2023 06:40:53.389 GMT-0800,74.974,74.936,0.0132,0.0132
13.11.2023 06:40:53.730 GMT-0800,74.973,74.947,0.009,0.0009
13.11.2023 06:40:53.781 GMT-0800,74.983,74.947,0.0132,0.0132
13.11.2023 06:40:54.731 GMT-0800,74.983,74.957,0.0132,0.0009
13.11.2023 06:40:55.018 GMT-0800,74.984,74.94600000000001,0.0132,0.0132
13.11.2023 06:40:55.372 GMT-0800,74.983,74.957,0.0132,0.0009
13.11.2023 06:40:55.473 GMT-0800,74.994,74.956,0.0132,0.0132
13.11.2023 06:40:55.611 GMT-0800,74.994,74.94600000000001,0.0132,0.0132
13.11.2023 06:40:55.678 GMT-0800,74.994,74.956,0.0132,0.0009
13.11.2023 06:40:56.143 GMT-0800,74.99300000000001,74.947,0.0132,0.0132
13.11.2023 06:40:56.280 GMT-0800,74.994,74.956,0.0132,0.0009
13.11.2023 06:40:56.331 GMT-0800,74.99300000000001,74.947,0.0132,0.0132
13.11.2023 06:40:56.555 GMT-0800,74.99300000000001,74.947,0.0112,0.0132
13.11.2023 06:40:56.606 GMT-0800,74.994,74.94600000000001,0.0132,0.0132
13.11.2023 06:40:56.764 GMT-0800,74.994,74.94600000000001,0.0112,0.0132
13.11.2023 06:40:57.122 GMT-0800,74.994,74.94600000000001,0.0132,0.0132
13.11.2023 06:40:58.163 GMT-0800,74.994,74.94600000000001,0.0112,0.0132
13.11.2023 06:40:58.534 GMT-0800,74.994,74.94600000000001,0.0132,0.0132
13.11.2023 06:40:58.798 GMT-0800,74.99300000000001,74.947,0.0112,0.0132
13.11.2023 06:40:59.265 GMT-0800,74.983,74.947,0.0112,0.0132
13.11.2023 06:40:59.366 GMT-0800,74.983,74.947,0.009,0.0132
13.11.2023 06:40:59.417 GMT-0800,74.994,74.956,0.0132,0.0132
13.11.2023 06:40:59.714 GMT-0800,74.99300000000001,74.947,0.0132,0.0132
13.11.2023 06:40:59.810 GMT-0800,74.99300000000001,74.947,0.0112,0.0132
13.11.2023 06:41:00.163 GMT-0800,74.974,74.936,0.0132,0.0132
13.11.2023 06:41:00.369 GMT-0800,74.974,74.94600000000001,0.0132,0.0009
13.11.2023 06:41:01.767 GMT-0800,74.974,74.956,0.0132,0.0009
13.11.2023 06:41:02.456 GMT-0800,74.973,74.947,0.0132,0.0132
13.11.2023 06:41:03.289 GMT-0800,74.974,74.936,0.0132,0.0132
13.11.2023 06:41:04.080 GMT-0800,74.974,74.94600000000001,0.009,0.0009
13.11.2023 06:41:04.181 GMT-0800,74.984,74.956,0.0132,0.0132
13.11.2023 06:41:05.448 GMT-0800,74.984,74.96600000000001,0.009,0.0009
13.11.2023 06:41:05.498 GMT-0800,74.99300000000001,74.967,0.0132,0.0132
13.11.2023 06:41:05.633 GMT-0800,74.99300000000001,74.967,0.0112,0.009
13.11.2023 06:41:05.684 GMT-0800,74.984,74.956,0.0132,0.0132
13.11.2023 06:41:06.112 GMT-0800,74.984,74.94600000000001,0.0132,0.0132
13.11.2023 06:41:06.174 GMT-0800,74.984,74.956,0.0132,0.0009
13.11.2023 06:41:06.955 GMT-0800,74.994,74.956,0.0132,0.0132
13.11.2023 06:41:07.031 GMT-0800,74.99300000000001,74.957,0.0112,0.0132
13.11.2023 06:41:07.132 GMT-0800,74.994,74.956,0.0132,0.0132
13.11.2023 06:41:07.403 GMT-0800,74.99300000000001,74.967,0.0132,0.0009
13.11.2023 06:41:08.201 GMT-0800,74.994,74.976,0.0132,0.0009
13.11.2023 06:41:08.302 GMT-0800,75.004,74.986,0.0132,0.0132
13.11.2023 06:41:09.393 GMT-0800,75.004,74.976,0.0132,0.0132
13.11.2023 06:41:10.284 GMT-0800,75.014,74.986,0.0132,0.0132
13.11.2023 06:41:10.385 GMT-0800,75.013,74.977,0.0132,0.0132
13.11.2023 06:41:10.678 GMT-0800,75.013,74.987,0.0132,0.0009
13.11.2023 06:41:10.779 GMT-0800,75.013,74.977,0.0132,0.0132
13.11.2023 06:41:10.997 GMT-0800,75.014,74.986,0.0132,0.0009
13.11.2023 06:41:11.945 GMT-0800,75.013,74.977,0.0132,0.0132
13.11.2023 06:41:12.669 GMT-0800,75.013,74.987,0.0132,0.0009
13.11.2023 06:41:12.770 GMT-0800,75.024,74.986,0.0132,0.0132
13.11.2023 06:41:12.824 GMT-0800,75.024,74.99600000000001,0.0132,0.0009
13.11.2023 06:41:12.926 GMT-0800,75.02300000000001,75.007,0.009,0.0009
13.11.2023 06:41:13.078 GMT-0800,75.033,75.007,0.0132,0.0132
13.11.2023 06:41:13.879 GMT-0800,75.033,74.997,0.0112,0.0132
13.11.2023 06:41:14.313 GMT-0800,75.03399999999999,74.99600000000001,0.0132,0.0132
13.11.2023 06:41:14.477 GMT-0800,75.03399999999999,74.99600000000001,0.0112,0.0132
13.11.2023 06:41:14.688 GMT-0800,75.02300000000001,74.987,0.0132,0.0132
13.11.2023 06:41:14.750 GMT-0800,75.024,74.986,0.0112,0.009
13.11.2023 06:41:14.800 GMT-0800,75.003,74.977,0.0132,0.0132
13.11.2023 06:41:14.966 GMT-0800,75.013,74.977,0.0132,0.0132
13.11.2023 06:41:15.169 GMT-0800,75.013,74.987,0.0132,0.0009
13.11.2023 06:41:15.325 GMT-0800,75.013,74.977,0.0132,0.0132
13.11.2023 06:41:15.973 GMT-0800,75.014,74.976,0.0112,0.0132
13.11.2023 06:41:16.024 GMT-0800,75.014,74.976,0.0132,0.0132
13.11.2023 06:41:16.615 GMT-0800,75.013,74.977,0.0112,0.0132
13.11.2023 06:41:17.800 GMT-0800,75.013,74.977,0.0132,0.0132
13.11.2023 06:41:17.955 GMT-0800,75.014,74.976,0.0112,0.0132
13.11.2023 06:41:18.085 GMT-0800,75.013,74.987,0.0132,0.0132
13.11.2023 06:41:20.011 GMT-0800,75.013,74.997,0.0132,0.0009
13.11.2023 06:41:20.473 GMT-0800,75.014,74.986,0.0132,0.0132
13.11.2023 06:41:22.302 GMT-0800,75.013,74.997,0.0132,0.0009
13.11.2023 06:41:22.352 GMT-0800,75.013,74.987,0.0132,0.0132
13.11.2023 06:41:22.592 GMT-0800,75.014,74.99600000000001,0.0132,0.0009
13.11.2023 06:41:22.693 GMT-0800,75.014,74.986,0.0132,0.0132
13.11.2023 06:41:22.953 GMT-0800,75.013,74.997,0.0132,0.0009
13.11.2023 06:41:27.759 GMT-0800,75.033,75.007,0.0132,0.0132
13.11.2023 06:41:27.877 GMT-0800,75.033,75.027,0.009,0.0009
13.11.2023 06:41:27.928 GMT-0800,75.043,75.027,0.0132,0.0132
13.11.2023 06:41:28.210 GMT-0800,75.044,75.016,0.0132,0.0132
13.11.2023 06:41:28.615 GMT-0800,75.043,75.027,0.0132,0.0009
13.11.2023 06:41:29.581 GMT-0800,75.043,75.017,0.0132,0.0132
13.11.2023 06:41:29.913 GMT-0800,75.044,75.02600000000001,0.0132,0.0132
13.11.2023 06:41:29.964 GMT-0800,75.044,75.016,0.0132,0.0132
13.11.2023 06:41:30.945 GMT-0800,75.044,75.02600000000001,0.0132,0.0009
13.11.2023 06:41:30.996 GMT-0800,75.043,75.017,0.0132,0.0132
13.11.2023 06:41:37.588 GMT-0800,75.063,75.017,0.0132,0.0132
13.11.2023 06:41:38.062 GMT-0800,75.063,75.027,0.0132,0.0009
13.11.2023 06:41:38.580 GMT-0800,75.063,75.027,0.0112,0.0132
13.11.2023 06:41:39.034 GMT-0800,75.053,75.017,0.0132,0.0132
13.11.2023 06:41:39.085 GMT-0800,75.064,75.02600000000001,0.0132,0.0132
13.11.2023 06:41:39.764 GMT-0800,75.063,75.037,0.0132,0.0132
13.11.2023 06:41:40.116 GMT-0800,75.064,75.046,0.0132,0.0009
13.11.2023 06:41:41.862 GMT-0800,75.07300000000001,75.047,0.0132,0.0132
13.11.2023 06:41:41.964 GMT-0800,75.083,75.057,0.0132,0.0009
13.11.2023 06:41:42.356 GMT-0800,75.093,75.057,0.0132,0.0132
13.11.2023 06:41:42.767 GMT-0800,75.094,75.05600000000001,0.0112,0.0132
13.11.2023 06:41:43.389 GMT-0800,75.094,75.05600000000001,0.0132,0.0132
13.11.2023 06:41:43.707 GMT-0800,75.083,75.057,0.0132,0.0132
13.11.2023 06:41:44.123 GMT-0800,75.074,75.05600000000001,0.0132,0.0132
13.11.2023 06:41:44.224 GMT-0800,75.083,75.057,0.0132,0.0132
13.11.2023 06:41:45.221 GMT-0800,75.083,75.057,0.0112,0.009
13.11.2023 06:41:45.322 GMT-0800,75.064,75.046,0.0132,0.0132
13.11.2023 06:41:45.373 GMT-0800,75.074,75.046,0.0132,0.0132
13.11.2023 06:41:45.740 GMT-0800,75.083,75.047,0.0132,0.0132
13.11.2023 06:41:46.227 GMT-0800,75.074,75.046,0.0132,0.0132
13.11.2023 06:41:46.753 GMT-0800,75.084,75.046,0.0132,0.0132
13.11.2023 06:41:47.910 GMT-0800,75.083,75.057,0.009,0.0009
13.11.2023 06:41:48.011 GMT-0800,75.093,75.057,0.0132,0.0132
13.11.2023 06:41:48.062 GMT-0800,75.093,75.057,0.0112,0.009
13.11.2023 06:41:48.129 GMT-0800,75.083,75.047,0.0132,0.0132
13.11.2023 06:41:48.370 GMT-0800,75.093,75.047,0.0132,0.0132
13.11.2023 06:41:48.672 GMT-0800,75.094,75.046,0.0112,0.0132
13.11.2023 06:41:48.808 GMT-0800,75.094,75.046,0.0132,0.0132
13.11.2023 06:41:49.072 GMT-0800,75.093,75.057,0.0132,0.0009
13.11.2023 06:41:49.951 GMT-0800,75.094,75.05600000000001,0.0112,0.0132
13.11.2023 06:41:50.002 GMT-0800,75.094,75.05600000000001,0.0132,0.0132
13.11.2023 06:41:50.134 GMT-0800,75.104,75.05600000000001,0.0132,0.0132
13.11.2023 06:41:50.474 GMT-0800,75.10300000000001,75.067,0.0132,0.0009
13.11.2023 06:41:50.525 GMT-0800,75.10300000000001,75.057,0.009,0.0132
13.11.2023 06:41:51.686 GMT-0800,75.104,75.066,0.0132,0.0009
13.11.2023 06:41:52.624 GMT-0800,75.104,75.05600000000001,0.0132,0.0132
13.11.2023 06:41:52.715 GMT-0800,75.10300000000001,75.067,0.0132,0.0009
13.11.2023 06:41:53.789 GMT-0800,75.10300000000001,75.077,0.009,0.0009
13.11.2023 06:41:53.840 GMT-0800,75.114,75.066,0.0132,0.0132
13.11.2023 06:41:53.992 GMT-0800,75.114,75.066,0.0112,0.0132
13.11.2023 06:41:54.215 GMT-0800,75.10300000000001,75.077,0.0132,0.0009
13.11.2023 06:41:54.316 GMT-0800,75.10300000000001,75.067,0.0132,0.0132
13.11.2023 06:41:54.959 GMT-0800,75.104,75.07600000000001,0.0132,0.0009
13.11.2023 06:41:55.010 GMT-0800,75.10300000000001,75.067,0.0132,0.0132
13.11.2023 06:41:55.111 GMT-0800,75.10300000000001,75.077,0.0132,0.0009
13.11.2023 06:41:55.212 GMT-0800,75.104,75.066,0.0132,0.0132
13.11.2023 06:41:55.315 GMT-0800,75.10300000000001,75.067,0.0112,0.009
13.11.2023 06:41:55.367 GMT-0800,75.093,75.057,0.0132,0.0132
13.11.2023 06:41:56.275 GMT-0800,75.094,75.07600000000001,0.0132,0.0009
13.11.2023 06:41:59.039 GMT-0800,75.093,75.072,0.0112,0.009
13.11.2023 06:41:59.095 GMT-0800,75.084,75.036,0.0132,0.0132
13.11.2023 06:41:59.145 GMT-0800,75.084,75.05600000000001,0.0132,0.0009
13.11.2023 06:41:59.465 GMT-0800,75.084,75.05600000000001,0.0112,0.0132
13.11.2023 06:41:59.515 GMT-0800,75.074,75.02600000000001,0.0132,0.0132
13.11.2023 06:41:59.575 GMT-0800,75.074,75.05600000000001,0.009,0.0009
13.11.2023 06:41:59.676 GMT-0800,75.084,75.05600000000001,0.0132,0.0132
13.11.2023 06:41:59.751 GMT-0800,75.083,75.057,0.0112,0.0132
13.11.2023 06:41:59.911 GMT-0800,75.083,75.057,0.0132,0.0132
13.11.2023 06:42:00.284 GMT-0800,75.084,75.05600000000001,0.0112,0.0132
13.11.2023 06:42:00.445 GMT-0800,75.084,75.05600000000001,0.0132,0.0132
13.11.2023 06:42:01.335 GMT-0800,75.093,75.057,0.0132,0.0132
13.11.2023 06:42:01.573 GMT-0800,75.094,75.05600000000001,0.0112,0.009
13.11.2023 06:42:01.624 GMT-0800,75.074,75.046,0.0132,0.0132
13.11.2023 06:42:01.725 GMT-0800,75.084,75.046,0.0132,0.0132
13.11.2023 06:42:03.405 GMT-0800,75.083,75.057,0.009,0.0009
13.11.2023 06:42:03.456 GMT-0800,75.094,75.05600000000001,0.0132,0.0132
13.11.2023 06:42:03.802 GMT-0800,75.094,75.05600000000001,0.0112,0.0132
13.11.2023 06:42:03.988 GMT-0800,75.094,75.05600000000001,0.0132,0.0132
13.11.2023 06:42:05.028 GMT-0800,75.094,75.05600000000001,0.0112,0.0132
13.11.2023 06:42:05.079 GMT-0800,75.093,75.057,0.0132,0.0132
13.11.2023 06:42:05.353 GMT-0800,75.093,75.057,0.0112,0.0132
13.11.2023 06:42:05.409 GMT-0800,75.093,75.057,0.0132,0.0132
13.11.2023 06:42:07.132 GMT-0800,75.094,75.05600000000001,0.0112,0.0132
13.11.2023 06:42:07.233 GMT-0800,75.094,75.05600000000001,0.0132,0.0132
13.11.2023 06:42:07.335 GMT-0800,75.094,75.05600000000001,0.0112,0.0132
13.11.2023 06:42:10.415 GMT-0800,75.094,75.05600000000001,0.0132,0.0132
13.11.2023 06:42:11.032 GMT-0800,75.093,75.067,0.0132,0.0009
13.11.2023 06:42:11.133 GMT-0800,75.093,75.057,0.0132,0.0132
13.11.2023 06:42:11.193 GMT-0800,75.093,75.057,0.0112,0.0132
13.11.2023 06:42:11.244 GMT-0800,75.094,75.05600000000001,0.0132,0.0132
13.11.2023 06:42:11.672 GMT-0800,75.094,75.05600000000001,0.0112,0.0132
13.11.2023 06:42:11.723 GMT-0800,75.093,75.057,0.0132,0.0132
13.11.2023 06:42:12.078 GMT-0800,75.093,75.057,0.0112,0.0132
13.11.2023 06:42:12.679 GMT-0800,75.093,75.057,0.0132,0.0132
13.11.2023 06:42:13.148 GMT-0800,75.093,75.067,0.0132,0.0009
13.11.2023 06:42:13.249 GMT-0800,75.104,75.066,0.0132,0.0132
13.11.2023 06:42:13.638 GMT-0800,75.10300000000001,75.077,0.0132,0.0009
13.11.2023 06:42:14.710 GMT-0800,75.104,75.066,0.0132,0.0132
13.11.2023 06:42:15.253 GMT-0800,75.104,75.07600000000001,0.0132,0.0009
13.11.2023 06:42:15.964 GMT-0800,75.104,75.07600000000001,0.0112,0.009
13.11.2023 06:42:16.016 GMT-0800,75.093,75.067,0.0132,0.0132
13.11.2023 06:42:16.624 GMT-0800,75.094,75.07600000000001,0.009,0.0009
13.11.2023 06:42:16.675 GMT-0800,75.104,75.066,0.0132,0.0132
13.11.2023 06:42:16.758 GMT-0800,75.104,75.07600000000001,0.0132,0.0009
13.11.2023 06:42:16.809 GMT-0800,75.10300000000001,75.067,0.0132,0.0132
13.11.2023 06:42:16.873 GMT-0800,75.10300000000001,75.077,0.0132,0.0009
13.11.2023 06:42:17.289 GMT-0800,75.094,75.066,0.0132,0.0132
13.11.2023 06:42:17.401 GMT-0800,75.104,75.066,0.0132,0.0132
13.11.2023 06:42:17.519 GMT-0800,75.10300000000001,75.067,0.0112,0.0132
13.11.2023 06:42:19.765 GMT-0800,75.10300000000001,75.067,0.0132,0.0132
13.11.2023 06:42:19.815 GMT-0800,75.114,75.07600000000001,0.0132,0.0132
13.11.2023 06:42:19.917 GMT-0800,75.10300000000001,75.067,0.0132,0.0132
13.11.2023 06:42:21.107 GMT-0800,75.104,75.066,0.0112,0.0132
