Local time,Ask,Bid,AskVolume,BidVolume
13.11.2023 06:30:02.829 GMT-0800,447.343,446.637,0.0012,0.0012
13.11.2023 06:30:02.879 GMT-0800,447.34400000000005,446.456,0.0012,0.0012
13.11.2023 06:30:02.930 GMT-0800,447.343,445.85699999999997,0.0012,0.0012
13.11.2023 06:30:03.006 GMT-0800,447.343,446.077,0.0012,0.0012
13.11.2023 06:30:03.056 GMT-0800,447.384,446.076,0.0012,0.0012
13.11.2023 06:30:03.106 GMT-0800,446.85300000000007,446.077,0.0012,0.0012
13.11.2023 06:30:03.258 GMT-0800,446.85400000000004,446.106,0.0012,0.0012
13.11.2023 06:30:03.727 GMT-0800,446.85300000000007,446.077,0.0012,0.0012
13.11.2023 06:30:05.067 GMT-0800,447.404,446.076,0.0012,0.0012
13.11.2023 06:30:05.178 GMT-0800,446.454,446.076,0.0012,0.0012
13.11.2023 06:30:05.229 GMT-0800,446.473,446.077,0.0012,0.0012
13.11.2023 06:30:05.674 GMT-0800,447.394,446.076,0.0012,0.0012
13.11.2023 06:30:05.790 GMT-0800,447.244,446.076,0.0012,0.0012
13.11.2023 06:30:08.393 GMT-0800,447.10300000000007,446.077,0.0012,0.0012
13.11.2023 06:30:08.518 GMT-0800,446.55400000000003,446.076,0.0012,0.0012
13.11.2023 06:30:08.622 GMT-0800,447.244,446.306,0.0012,0.0012
13.11.2023 06:30:08.673 GMT-0800,447.24300000000005,446.077,0.0012,0.0012
13.11.2023 06:30:08.913 GMT-0800,447.244,446.256,0.0012,0.0012
13.11.2023 06:30:09.599 GMT-0800,446.783,446.257,0.0012,0.0012
13.11.2023 06:30:10.250 GMT-0800,447.24300000000005,446.507,0.0012,0.0012
13.11.2023 06:30:20.312 GMT-0800,447.06300000000005,446.507,0.0012,0.0012
13.11.2023 06:30:22.653 GMT-0800,447.05400000000003,446.506,0.0012,0.0012
13.11.2023 06:30:22.704 GMT-0800,447.06300000000005,446.507,0.0012,0.0012
13.11.2023 06:30:24.025 GMT-0800,446.79400000000004,446.506,0.0012,0.0012
13.11.2023 06:30:24.076 GMT-0800,446.824,446.44599999999997,0.0012,0.0012
13.11.2023 06:30:24.127 GMT-0800,447.244,446.44599999999997,0.0012,0.0012
13.11.2023 06:30:24.177 GMT-0800,447.033,446.447,0.0012,0.0012
13.11.2023 06:30:29.389 GMT-0800,447.24300000000005,446.077,0.0012,0.0012
13.11.2023 06:30:29.440 GMT-0800,447.24300000000005,445.49699999999996,0.0012,0.0012
13.11.2023 06:30:29.544 GMT-0800,447.024,445.496,0.0012,0.0012
13.11.2023 06:30:31.357 GMT-0800,446.28400000000005,445.496,0.0012,0.0012
13.11.2023 06:30:32.378 GMT-0800,446.083,445.49699999999996,0.0012,0.0012
13.11.2023 06:30:32.429 GMT-0800,446.283,445.48699999999997,0.0012,0.0012
13.11.2023 06:30:32.789 GMT-0800,446.274,445.486,0.0012,0.0012
13.11.2023 06:30:33.802 GMT-0800,445.944,445.486,0.0012,0.0012
13.11.2023 06:30:33.924 GMT-0800,445.944,444.996,0.0012,0.0012
13.11.2023 06:30:34.502 GMT-0800,445.94300000000004,445.10699999999997,0.0012,0.0012
13.11.2023 06:30:34.552 GMT-0800,445.94300000000004,444.99699999999996,0.0012,0.0012
13.11.2023 06:30:34.715 GMT-0800,445.94300000000004,445.10699999999997,0.0012,0.0012
13.11.2023 06:30:36.384 GMT-0800,446.274,445.106,0.0012,0.0012
13.11.2023 06:30:36.435 GMT-0800,446.274,445.13599999999997,0.0012,0.0012
13.11.2023 06:30:36.485 GMT-0800,446.273,444.99699999999996,0.0012,0.0012
13.11.2023 06:30:46.258 GMT-0800,446.273,445.157,0.0012,0.0012
13.11.2023 06:30:52.274 GMT-0800,446.273,444.99699999999996,0.0012,0.0012
13.11.2023 06:30:56.040 GMT-0800,446.274,445.026,0.0012,0.0012
13.11.2023 06:30:58.349 GMT-0800,446.81300000000005,445.74699999999996,0.0012,0.0012
13.11.2023 06:30:58.400 GMT-0800,447.07300000000004,445.74699999999996,0.0012,0.0012
13.11.2023 06:30:58.454 GMT-0800,446.85400000000004,445.746,0.0012,0.0012
13.11.2023 06:31:02.359 GMT-0800,446.274,445.746,0.0012,0.0012
13.11.2023 06:31:02.501 GMT-0800,446.84400000000005,446.036,0.0012,0.0012
13.11.2023 06:31:02.557 GMT-0800,446.843,445.74699999999996,0.0012,0.0012
13.11.2023 06:31:02.685 GMT-0800,446.74300000000005,445.74699999999996,0.0012,0.0012
13.11.2023 06:31:03.414 GMT-0800,447.24300000000005,445.74699999999996,0.0012,0.0012
13.11.2023 06:31:06.433 GMT-0800,446.73300000000006,445.74699999999996,0.0012,0.0012
13.11.2023 06:31:07.273 GMT-0800,446.73300000000006,445.99699999999996,0.0012,0.0012
13.11.2023 06:31:07.584 GMT-0800,446.72400000000005,445.996,0.0012,0.0012
13.11.2023 06:31:08.439 GMT-0800,446.713,445.99699999999996,0.0012,0.0012
13.11.2023 06:31:09.035 GMT-0800,446.70300000000003,445.99699999999996,0.0012,0.0012
13.11.2023 06:31:10.718 GMT-0800,446.69300000000004,445.99699999999996,0.0012,0.0012
13.11.2023 06:31:10.927 GMT-0800,446.34400000000005,445.996,0.0012,0.0012
13.11.2023 06:31:11.288 GMT-0800,446.334,445.996,0.0012,0.0012
13.11.2023 06:31:11.538 GMT-0800,446.714,446.156,0.0012,0.0012
13.11.2023 06:31:11.604 GMT-0800,446.713,445.99699999999996,0.0012,0.0012
13.11.2023 06:31:11.871 GMT-0800,446.663,445.99699999999996,0.0012,0.0012
13.11.2023 06:31:13.888 GMT-0800,446.66400000000004,446.146,0.0012,0.0012
13.11.2023 06:31:13.939 GMT-0800,446.66400000000004,445.996,0.0012,0.0012
13.11.2023 06:31:14.213 GMT-0800,446.67300000000006,445.99699999999996,0.0012,0.0012
13.11.2023 06:31:14.264 GMT-0800,446.653,445.99699999999996,0.0012,0.0012
13.11.2023 06:31:18.591 GMT-0800,446.66400000000004,445.996,0.0012,0.0012
13.11.2023 06:31:18.977 GMT-0800,446.73400000000004,445.996,0.0012,0.0012
13.11.2023 06:31:19.028 GMT-0800,447.24300000000005,446.36699999999996,0.0012,0.0012
13.11.2023 06:31:19.079 GMT-0800,446.663,445.99699999999996,0.0012,0.0012
13.11.2023 06:31:19.225 GMT-0800,446.63300000000004,445.99699999999996,0.0012,0.0012
13.11.2023 06:31:19.554 GMT-0800,446.624,445.996,0.0012,0.0012
13.11.2023 06:31:20.155 GMT-0800,446.61300000000006,445.99699999999996,0.0012,0.0012
13.11.2023 06:31:20.433 GMT-0800,446.60300000000007,445.99699999999996,0.0012,0.0012
13.11.2023 06:31:20.568 GMT-0800,446.583,445.99699999999996,0.0012,0.0012
13.11.2023 06:31:20.873 GMT-0800,446.57300000000004,445.99699999999996,0.0012,0.0012
13.11.2023 06:31:21.012 GMT-0800,447.24300000000005,445.99699999999996,0.0012,0.0012
13.11.2023 06:31:21.148 GMT-0800,446.774,445.996,0.0012,0.0012
13.11.2023 06:31:21.623 GMT-0800,446.66400000000004,445.996,0.0012,0.0012
13.11.2023 06:31:23.222 GMT-0800,446.653,445.99699999999996,0.0012,0.0012
13.11.2023 06:31:23.382 GMT-0800,446.64300000000003,445.99699999999996,0.0012,0.0012
13.11.2023 06:31:23.834 GMT-0800,446.634,445.996,0.0012,0.0012
13.11.2023 06:31:24.200 GMT-0800,446.62300000000005,445.99699999999996,0.0012,0.0012
13.11.2023 06:31:25.288 GMT-0800,446.583,445.99699999999996,0.0012,0.0012
13.11.2023 06:31:25.550 GMT-0800,446.56300000000005,445.99699999999996,0.0012,0.0012
13.11.2023 06:31:26.383 GMT-0800,446.55300000000005,445.99699999999996,0.0012,0.0012
13.11.2023 06:31:27.036 GMT-0800,446.54400000000004,445.996,0.0012,0.0012
13.11.2023 06:31:29.051 GMT-0800,446.53400000000005,445.996,0.0012,0.0012
13.11.2023 06:31:30.376 GMT-0800,447.144,446.366,0.0012,0.0012
13.11.2023 06:31:30.434 GMT-0800,447.144,446.176,0.0012,0.0012
13.11.2023 06:31:32.307 GMT-0800,447.244,446.506,0.0012,0.0012
13.11.2023 06:31:32.358 GMT-0800,447.24300000000005,446.17699999999996,0.0012,0.0012
13.11.2023 06:31:33.727 GMT-0800,446.834,446.176,0.0012,0.0012
13.11.2023 06:31:34.142 GMT-0800,446.824,446.176,0.0012,0.0012
13.11.2023 06:31:34.346 GMT-0800,446.814,446.176,0.0012,0.0012
13.11.2023 06:31:35.228 GMT-0800,446.80400000000003,446.176,0.0012,0.0012
13.11.2023 06:31:35.345 GMT-0800,446.79300000000006,446.17699999999996,0.0012,0.0012
13.11.2023 06:31:38.571 GMT-0800,446.81300000000005,446.477,0.0012,0.0012
13.11.2023 06:31:38.622 GMT-0800,446.913,446.17699999999996,0.0012,0.0012
13.11.2023 06:31:39.178 GMT-0800,447.033,446.197,0.0012,0.0012
13.11.2023 06:31:40.715 GMT-0800,447.033,446.18699999999995,0.0012,0.0012
13.11.2023 06:31:40.950 GMT-0800,446.99300000000005,446.48699999999997,0.0012,0.0012
13.11.2023 06:31:44.416 GMT-0800,447.00300000000004,446.48699999999997,0.0012,0.0012
13.11.2023 06:31:44.466 GMT-0800,446.99300000000005,446.48699999999997,0.0012,0.0012
13.11.2023 06:31:45.888 GMT-0800,447.00300000000004,446.48699999999997,0.0012,0.0012
13.11.2023 06:31:45.944 GMT-0800,446.994,446.486,0.0012,0.0012
13.11.2023 06:31:46.308 GMT-0800,446.98300000000006,446.48699999999997,0.0012,0.0012
13.11.2023 06:31:48.272 GMT-0800,446.92400000000004,446.486,0.0012,0.0012
13.11.2023 06:31:48.454 GMT-0800,446.92300000000006,446.587,0.0012,0.0012
13.11.2023 06:31:48.505 GMT-0800,446.92400000000004,446.486,0.0012,0.0012
13.11.2023 06:31:49.149 GMT-0800,447.223,446.697,0.0012,0.0012
13.11.2023 06:31:49.200 GMT-0800,447.223,446.48699999999997,0.0012,0.0012
13.11.2023 06:31:49.787 GMT-0800,446.98400000000004,446.486,0.0012,0.0012
13.11.2023 06:31:50.217 GMT-0800,447.223,446.48699999999997,0.0012,0.0012
13.11.2023 06:31:51.119 GMT-0800,446.98400000000004,446.486,0.0012,0.0012
13.11.2023 06:31:52.495 GMT-0800,447.22400000000005,446.486,0.0012,0.0012
13.11.2023 06:31:52.546 GMT-0800,447.24300000000005,446.48699999999997,0.0012,0.0012
13.11.2023 06:31:53.034 GMT-0800,447.134,446.486,0.0012,0.0012
13.11.2023 06:31:54.513 GMT-0800,447.244,446.506,0.0012,0.0012
13.11.2023 06:31:54.564 GMT-0800,446.903,446.507,0.0012,0.0012
13.11.2023 06:31:54.617 GMT-0800,447.24300000000005,446.507,0.0012,0.0012
13.11.2023 06:31:54.700 GMT-0800,446.89300000000003,446.48699999999997,0.0012,0.0012
13.11.2023 06:31:56.399 GMT-0800,446.894,446.176,0.0012,0.0012
13.11.2023 06:31:56.646 GMT-0800,446.894,446.496,0.0012,0.0012
13.11.2023 06:31:58.763 GMT-0800,447.244,446.496,0.0012,0.0012
13.11.2023 06:31:59.599 GMT-0800,447.24300000000005,446.507,0.0012,0.0012
13.11.2023 06:32:05.132 GMT-0800,447.244,446.526,0.0012,0.0012
13.11.2023 06:32:09.129 GMT-0800,447.064,446.526,0.0012,0.0012
13.11.2023 06:32:09.733 GMT-0800,447.153,446.787,0.0012,0.0012
13.11.2023 06:32:09.783 GMT-0800,447.24300000000005,446.787,0.0012,0.0012
13.11.2023 06:32:10.089 GMT-0800,447.24300000000005,446.537,0.0012,0.0012
13.11.2023 06:32:10.139 GMT-0800,447.244,446.546,0.0012,0.0012
13.11.2023 06:32:10.198 GMT-0800,447.244,446.536,0.0012,0.0012
13.11.2023 06:32:14.165 GMT-0800,447.244,446.686,0.0012,0.0012
13.11.2023 06:32:14.301 GMT-0800,447.033,446.697,0.0012,0.0012
13.11.2023 06:32:14.989 GMT-0800,447.024,446.69599999999997,0.0012,0.0012
13.11.2023 06:32:15.386 GMT-0800,447.014,446.69599999999997,0.0012,0.0012
13.11.2023 06:32:15.943 GMT-0800,446.973,446.697,0.0012,0.0012
13.11.2023 06:32:16.045 GMT-0800,446.73300000000006,446.507,0.0012,0.0012
13.11.2023 06:32:16.095 GMT-0800,446.73400000000004,446.486,0.0012,0.0012
13.11.2023 06:32:18.791 GMT-0800,446.814,446.606,0.0012,0.0012
13.11.2023 06:32:19.143 GMT-0800,446.81300000000005,446.48699999999997,0.0012,0.0012
13.11.2023 06:32:19.370 GMT-0800,446.81300000000005,446.49699999999996,0.0012,0.0012
13.11.2023 06:32:20.581 GMT-0800,446.814,446.486,0.0012,0.0012
13.11.2023 06:32:20.632 GMT-0800,446.81300000000005,446.49699999999996,0.0012,0.0012
13.11.2023 06:32:22.943 GMT-0800,447.04400000000004,446.496,0.0012,0.0012
13.11.2023 06:32:25.586 GMT-0800,447.04400000000004,446.486,0.0012,0.0012
13.11.2023 06:32:25.928 GMT-0800,447.04400000000004,446.506,0.0012,0.0012
13.11.2023 06:32:27.983 GMT-0800,446.85400000000004,446.506,0.0012,0.0012
13.11.2023 06:32:28.033 GMT-0800,446.85300000000007,446.49699999999996,0.0012,0.0012
13.11.2023 06:32:30.151 GMT-0800,446.85400000000004,446.486,0.0012,0.0012
13.11.2023 06:32:30.317 GMT-0800,446.85400000000004,446.526,0.0012,0.0012
13.11.2023 06:32:30.956 GMT-0800,446.85300000000007,446.717,0.0012,0.0012
13.11.2023 06:32:31.007 GMT-0800,447.24300000000005,446.537,0.0012,0.0012
13.11.2023 06:32:31.619 GMT-0800,447.24300000000005,446.54699999999997,0.0012,0.0012
13.11.2023 06:32:31.749 GMT-0800,446.774,446.496,0.0012,0.0012
13.11.2023 06:32:31.800 GMT-0800,447.00300000000004,446.267,0.0012,0.0012
13.11.2023 06:32:31.851 GMT-0800,447.004,446.176,0.0012,0.0012
13.11.2023 06:32:31.924 GMT-0800,446.99300000000005,446.17699999999996,0.0012,0.0012
13.11.2023 06:32:32.292 GMT-0800,446.43300000000005,446.207,0.0012,0.0012
13.11.2023 06:32:32.393 GMT-0800,446.41400000000004,446.206,0.0012,0.0012
13.11.2023 06:32:32.503 GMT-0800,446.394,446.206,0.0012,0.0012
13.11.2023 06:32:32.664 GMT-0800,447.00300000000004,446.287,0.0012,0.0012
13.11.2023 06:32:33.475 GMT-0800,446.973,446.17699999999996,0.0012,0.0012
13.11.2023 06:32:40.554 GMT-0800,446.94300000000004,446.17699999999996,0.0012,0.0012
13.11.2023 06:32:40.862 GMT-0800,446.97400000000005,446.176,0.0012,0.0012
13.11.2023 06:32:43.206 GMT-0800,446.894,446.176,0.0012,0.0012
13.11.2023 06:32:43.405 GMT-0800,446.713,446.17699999999996,0.0012,0.0012
13.11.2023 06:32:44.657 GMT-0800,446.713,446.18699999999995,0.0012,0.0012
13.11.2023 06:32:45.749 GMT-0800,446.713,446.17699999999996,0.0012,0.0012
13.11.2023 06:32:45.800 GMT-0800,446.714,446.19599999999997,0.0012,0.0012
13.11.2023 06:32:45.952 GMT-0800,446.973,446.397,0.0012,0.0012
13.11.2023 06:32:46.003 GMT-0800,446.973,446.17699999999996,0.0012,0.0012
13.11.2023 06:32:46.522 GMT-0800,446.964,446.176,0.0012,0.0012
13.11.2023 06:32:48.273 GMT-0800,446.903,446.17699999999996,0.0012,0.0012
13.11.2023 06:32:48.916 GMT-0800,446.84400000000005,446.206,0.0012,0.0012
13.11.2023 06:32:49.832 GMT-0800,446.60400000000004,446.206,0.0012,0.0012
13.11.2023 06:32:52.892 GMT-0800,446.59400000000005,446.226,0.0012,0.0012
13.11.2023 06:32:54.670 GMT-0800,446.593,446.207,0.0012,0.0012
13.11.2023 06:32:54.721 GMT-0800,446.26300000000003,445.74699999999996,0.0012,0.0012
13.11.2023 06:32:55.036 GMT-0800,446.36400000000003,445.776,0.0012,0.0012
13.11.2023 06:32:55.494 GMT-0800,446.36400000000003,445.786,0.0012,0.0012
13.11.2023 06:32:56.846 GMT-0800,446.36400000000003,445.776,0.0012,0.0012
13.11.2023 06:32:57.208 GMT-0800,446.36300000000006,445.817,0.0012,0.0012
13.11.2023 06:32:57.371 GMT-0800,446.333,445.817,0.0012,0.0012
13.11.2023 06:32:57.421 GMT-0800,446.634,446.066,0.0012,0.0012
13.11.2023 06:32:57.472 GMT-0800,446.634,445.746,0.0012,0.0012
13.11.2023 06:32:58.283 GMT-0800,446.53400000000005,445.896,0.0012,0.0012
13.11.2023 06:32:58.596 GMT-0800,446.523,445.897,0.0012,0.0012
13.11.2023 06:33:03.901 GMT-0800,446.53400000000005,445.896,0.0012,0.0012
13.11.2023 06:33:04.435 GMT-0800,446.37300000000005,445.897,0.0012,0.0012
13.11.2023 06:33:08.400 GMT-0800,446.283,445.897,0.0012,0.0012
13.11.2023 06:33:11.904 GMT-0800,446.35300000000007,445.897,0.0012,0.0012
13.11.2023 06:33:12.614 GMT-0800,446.34400000000005,445.896,0.0012,0.0012
13.11.2023 06:33:12.791 GMT-0800,446.35300000000007,445.897,0.0012,0.0012
13.11.2023 06:33:13.301 GMT-0800,446.35300000000007,445.74699999999996,0.0012,0.0012
13.11.2023 06:33:13.608 GMT-0800,446.35300000000007,445.947,0.0012,0.0012
13.11.2023 06:33:16.444 GMT-0800,446.70300000000003,446.097,0.0012,0.0012
13.11.2023 06:33:16.504 GMT-0800,446.70300000000003,445.74699999999996,0.0012,0.0012
13.11.2023 06:33:16.680 GMT-0800,446.704,445.996,0.0012,0.0012
13.11.2023 06:33:16.847 GMT-0800,446.51300000000003,445.99699999999996,0.0012,0.0012
13.11.2023 06:33:19.493 GMT-0800,446.50300000000004,445.99699999999996,0.0012,0.0012
13.11.2023 06:33:19.627 GMT-0800,446.704,446.176,0.0012,0.0012
13.11.2023 06:33:20.217 GMT-0800,446.70300000000003,446.24699999999996,0.0012,0.0012
13.11.2023 06:33:21.787 GMT-0800,446.973,446.467,0.0012,0.0012
13.11.2023 06:33:29.240 GMT-0800,447.01300000000003,446.23699999999997,0.0012,0.0012
13.11.2023 06:33:39.273 GMT-0800,447.004,446.236,0.0012,0.0012
13.11.2023 06:33:39.572 GMT-0800,446.80400000000003,446.236,0.0012,0.0012
13.11.2023 06:33:39.727 GMT-0800,446.86400000000003,446.236,0.0012,0.0012
13.11.2023 06:33:40.511 GMT-0800,446.86300000000006,446.267,0.0012,0.0012
13.11.2023 06:33:41.851 GMT-0800,446.663,446.267,0.0012,0.0012
13.11.2023 06:33:44.288 GMT-0800,447.24300000000005,446.457,0.0012,0.0012
13.11.2023 06:33:44.662 GMT-0800,447.244,446.266,0.0012,0.0012
13.11.2023 06:33:45.011 GMT-0800,447.24300000000005,446.17699999999996,0.0012,0.0012
13.11.2023 06:33:45.061 GMT-0800,447.244,446.19599999999997,0.0012,0.0012
13.11.2023 06:33:45.162 GMT-0800,447.23400000000004,446.256,0.0012,0.0012
13.11.2023 06:33:48.340 GMT-0800,447.134,446.476,0.0012,0.0012
13.11.2023 06:33:50.952 GMT-0800,447.403,446.777,0.0012,0.0012
13.11.2023 06:33:51.002 GMT-0800,447.624,446.94599999999997,0.0012,0.0012
13.11.2023 06:33:51.120 GMT-0800,447.404,446.496,0.0012,0.0012
13.11.2023 06:33:51.296 GMT-0800,447.404,446.366,0.0012,0.0012
13.11.2023 06:33:52.045 GMT-0800,447.403,446.947,0.0012,0.0012
13.11.2023 06:33:57.795 GMT-0800,447.624,447.19599999999997,0.0012,0.0012
13.11.2023 06:33:57.896 GMT-0800,447.62300000000005,446.917,0.0012,0.0012
13.11.2023 06:33:57.946 GMT-0800,447.50300000000004,446.917,0.0012,0.0012
13.11.2023 06:33:59.289 GMT-0800,447.504,446.906,0.0012,0.0012
13.11.2023 06:34:00.624 GMT-0800,447.50300000000004,446.92699999999996,0.0012,0.0012
13.11.2023 06:34:00.913 GMT-0800,447.444,446.936,0.0012,0.0012
13.11.2023 06:34:01.347 GMT-0800,447.44300000000004,446.907,0.0012,0.0012
13.11.2023 06:34:01.635 GMT-0800,447.44300000000004,446.93699999999995,0.0012,0.0012
13.11.2023 06:34:02.133 GMT-0800,447.44300000000004,446.92699999999996,0.0012,0.0012
13.11.2023 06:34:02.424 GMT-0800,447.444,446.936,0.0012,0.0012
13.11.2023 06:34:06.595 GMT-0800,447.44300000000004,446.98699999999997,0.0012,0.0012
13.11.2023 06:34:06.875 GMT-0800,447.38300000000004,446.98699999999997,0.0012,0.0012
13.11.2023 06:34:08.389 GMT-0800,447.384,446.936,0.0012,0.0012
13.11.2023 06:34:08.439 GMT-0800,447.38300000000004,446.98699999999997,0.0012,0.0012
13.11.2023 06:34:08.546 GMT-0800,447.384,446.936,0.0012,0.0012
13.11.2023 06:34:09.275 GMT-0800,447.50300000000004,447.197,0.0012,0.0012
13.11.2023 06:34:09.376 GMT-0800,447.454,446.936,0.0012,0.0012
13.11.2023 06:34:09.473 GMT-0800,447.444,446.936,0.0012,0.0012
13.11.2023 06:34:09.774 GMT-0800,447.413,446.93699999999995,0.0012,0.0012
13.11.2023 06:34:09.825 GMT-0800,447.44300000000004,446.93699999999995,0.0012,0.0012
13.11.2023 06:34:09.972 GMT-0800,447.384,446.936,0.0012,0.0012
13.11.2023 06:34:11.379 GMT-0800,447.254,446.936,0.0012,0.0012
13.11.2023 06:34:11.440 GMT-0800,447.38300000000004,446.93699999999995,0.0012,0.0012
13.11.2023 06:34:11.589 GMT-0800,447.38300000000004,446.917,0.0012,0.0012
13.11.2023 06:34:11.998 GMT-0800,447.11300000000006,446.87699999999995,0.0012,0.0012
13.11.2023 06:34:12.049 GMT-0800,447.11300000000006,446.79699999999997,0.0012,0.0012
13.11.2023 06:34:12.341 GMT-0800,446.81300000000005,446.327,0.0012,0.0012
13.11.2023 06:34:12.392 GMT-0800,447.04400000000004,446.186,0.0012,0.0012
13.11.2023 06:34:12.443 GMT-0800,447.04300000000006,446.35699999999997,0.0012,0.0012
13.11.2023 06:34:12.691 GMT-0800,447.04400000000004,446.376,0.0012,0.0012
13.11.2023 06:34:14.963 GMT-0800,446.98300000000006,446.37699999999995,0.0012,0.0012
13.11.2023 06:34:15.366 GMT-0800,446.92400000000004,446.376,0.0012,0.0012
13.11.2023 06:34:15.884 GMT-0800,446.86400000000003,446.376,0.0012,0.0012
13.11.2023 06:34:15.986 GMT-0800,447.20300000000003,446.337,0.0012,0.0012
13.11.2023 06:34:16.036 GMT-0800,447.204,446.586,0.0012,0.0012
13.11.2023 06:34:16.087 GMT-0800,447.204,446.326,0.0012,0.0012
13.11.2023 06:34:16.137 GMT-0800,447.204,446.366,0.0012,0.0012
13.11.2023 06:34:16.304 GMT-0800,447.084,446.366,0.0012,0.0012
13.11.2023 06:34:19.659 GMT-0800,446.98300000000006,446.36699999999996,0.0012,0.0012
13.11.2023 06:34:20.641 GMT-0800,446.48400000000004,446.326,0.0012,0.0012
13.11.2023 06:34:20.692 GMT-0800,446.85400000000004,446.156,0.0012,0.0012
13.11.2023 06:34:21.016 GMT-0800,446.85300000000007,446.097,0.0012,0.0012
13.11.2023 06:34:21.323 GMT-0800,446.783,446.097,0.0012,0.0012
13.11.2023 06:34:21.375 GMT-0800,446.78400000000005,445.996,0.0012,0.0012
13.11.2023 06:34:21.425 GMT-0800,446.723,445.99699999999996,0.0012,0.0012
13.11.2023 06:34:21.569 GMT-0800,446.66400000000004,445.996,0.0012,0.0012
13.11.2023 06:34:23.646 GMT-0800,446.494,445.996,0.0012,0.0012
13.11.2023 06:34:24.703 GMT-0800,446.98400000000004,446.276,0.0012,0.0012
13.11.2023 06:34:24.754 GMT-0800,446.98400000000004,445.996,0.0012,0.0012
13.11.2023 06:34:31.245 GMT-0800,446.75300000000004,445.99699999999996,0.0012,0.0012
13.11.2023 06:34:31.965 GMT-0800,446.69300000000004,445.99699999999996,0.0012,0.0012
13.11.2023 06:34:32.104 GMT-0800,446.57300000000004,445.99699999999996,0.0012,0.0012
13.11.2023 06:34:32.471 GMT-0800,446.514,445.996,0.0012,0.0012
13.11.2023 06:34:33.222 GMT-0800,446.51300000000003,446.007,0.0012,0.0012
13.11.2023 06:34:33.482 GMT-0800,446.754,446.236,0.0012,0.0012
13.11.2023 06:34:33.542 GMT-0800,446.75300000000004,446.007,0.0012,0.0012
13.11.2023 06:34:34.759 GMT-0800,447.20300000000003,446.527,0.0012,0.0012
13.11.2023 06:34:34.829 GMT-0800,447.204,446.306,0.0012,0.0012
13.11.2023 06:34:35.218 GMT-0800,447.20300000000003,446.517,0.0012,0.0012
13.11.2023 06:34:35.301 GMT-0800,447.204,446.306,0.0012,0.0012
13.11.2023 06:34:37.129 GMT-0800,447.204,446.376,0.0012,0.0012
13.11.2023 06:34:38.662 GMT-0800,447.204,446.746,0.0012,0.0012
13.11.2023 06:34:38.713 GMT-0800,447.20300000000003,446.37699999999995,0.0012,0.0012
13.11.2023 06:34:42.870 GMT-0800,447.064,446.626,0.0012,0.0012
13.11.2023 06:34:42.923 GMT-0800,447.06300000000005,446.37699999999995,0.0012,0.0012
13.11.2023 06:34:44.795 GMT-0800,447.20300000000003,446.37699999999995,0.0012,0.0012
13.11.2023 06:34:50.777 GMT-0800,447.204,446.726,0.0012,0.0012
13.11.2023 06:34:50.828 GMT-0800,447.204,446.546,0.0012,0.0012
13.11.2023 06:34:54.914 GMT-0800,447.194,446.546,0.0012,0.0012
13.11.2023 06:34:55.095 GMT-0800,447.03400000000005,446.546,0.0012,0.0012
13.11.2023 06:34:55.991 GMT-0800,446.79400000000004,446.546,0.0012,0.0012
13.11.2023 06:34:57.494 GMT-0800,446.66400000000004,446.376,0.0012,0.0012
13.11.2023 06:34:57.931 GMT-0800,446.66400000000004,446.186,0.0012,0.0012
13.11.2023 06:34:58.618 GMT-0800,446.593,446.18699999999995,0.0012,0.0012
13.11.2023 06:34:59.103 GMT-0800,446.54300000000006,446.18699999999995,0.0012,0.0012
13.11.2023 06:35:01.113 GMT-0800,446.523,446.18699999999995,0.0012,0.0012
13.11.2023 06:35:01.624 GMT-0800,446.51300000000003,446.18699999999995,0.0012,0.0012
13.11.2023 06:35:01.949 GMT-0800,446.504,446.186,0.0012,0.0012
13.11.2023 06:35:02.248 GMT-0800,446.48300000000006,446.18699999999995,0.0012,0.0012
13.11.2023 06:35:02.552 GMT-0800,446.45300000000003,446.18699999999995,0.0012,0.0012
13.11.2023 06:35:03.170 GMT-0800,446.44300000000004,446.18699999999995,0.0012,0.0012
13.11.2023 06:35:03.304 GMT-0800,446.404,446.186,0.0012,0.0012
13.11.2023 06:35:03.423 GMT-0800,446.59400000000005,446.266,0.0012,0.0012
13.11.2023 06:35:03.774 GMT-0800,446.59400000000005,446.186,0.0012,0.0012
13.11.2023 06:35:08.655 GMT-0800,446.314,446.036,0.0012,0.0012
13.11.2023 06:35:09.011 GMT-0800,446.314,445.996,0.0012,0.0012
13.11.2023 06:35:12.175 GMT-0800,446.184,445.876,0.0012,0.0012
13.11.2023 06:35:12.229 GMT-0800,446.30300000000005,445.87699999999995,0.0012,0.0012
13.11.2023 06:35:12.394 GMT-0800,446.163,445.87699999999995,0.0012,0.0012
13.11.2023 06:35:12.446 GMT-0800,446.30400000000003,445.876,0.0012,0.0012
13.11.2023 06:35:13.073 GMT-0800,446.30300000000005,445.887,0.0012,0.0012
13.11.2023 06:35:13.124 GMT-0800,446.86400000000003,445.88599999999997,0.0012,0.0012
13.11.2023 06:35:14.640 GMT-0800,446.56300000000005,445.887,0.0012,0.0012
13.11.2023 06:35:14.690 GMT-0800,446.85300000000007,445.887,0.0012,0.0012
13.11.2023 06:35:15.647 GMT-0800,446.86300000000006,445.887,0.0012,0.0012
13.11.2023 06:35:16.571 GMT-0800,446.86300000000006,446.077,0.0012,0.0012
13.11.2023 06:35:16.621 GMT-0800,446.86300000000006,445.887,0.0012,0.0012
13.11.2023 06:35:17.335 GMT-0800,446.384,446.126,0.0012,0.0012
13.11.2023 06:35:17.402 GMT-0800,446.384,445.876,0.0012,0.0012
13.11.2023 06:35:17.542 GMT-0800,446.384,445.986,0.0012,0.0012
13.11.2023 06:35:20.946 GMT-0800,446.213,445.98699999999997,0.0012,0.0012
13.11.2023 06:35:22.005 GMT-0800,446.10300000000007,445.98699999999997,0.0012,0.0012
13.11.2023 06:35:22.697 GMT-0800,446.09400000000005,445.926,0.0012,0.0012
13.11.2023 06:35:22.748 GMT-0800,446.773,446.007,0.0012,0.0012
13.11.2023 06:35:23.049 GMT-0800,446.773,445.92699999999996,0.0012,0.0012
13.11.2023 06:35:23.684 GMT-0800,446.773,445.87699999999995,0.0012,0.0012
13.11.2023 06:35:25.860 GMT-0800,446.43300000000005,446.04699999999997,0.0012,0.0012
13.11.2023 06:35:25.922 GMT-0800,446.43300000000005,445.907,0.0012,0.0012
13.11.2023 06:35:26.460 GMT-0800,446.43300000000005,445.87699999999995,0.0012,0.0012
13.11.2023 06:35:27.494 GMT-0800,446.523,445.87699999999995,0.0012,0.0012
13.11.2023 06:35:27.598 GMT-0800,446.394,445.876,0.0012,0.0012
13.11.2023 06:35:29.673 GMT-0800,446.39300000000003,446.067,0.0012,0.0012
13.11.2023 06:35:31.145 GMT-0800,446.69300000000004,446.077,0.0012,0.0012
13.11.2023 06:35:31.252 GMT-0800,446.68300000000005,446.077,0.0012,0.0012
13.11.2023 06:35:32.152 GMT-0800,446.684,446.006,0.0012,0.0012
13.11.2023 06:35:32.341 GMT-0800,446.684,445.876,0.0012,0.0012
13.11.2023 06:35:34.440 GMT-0800,446.764,445.996,0.0012,0.0012
13.11.2023 06:35:34.621 GMT-0800,446.76300000000003,446.04699999999997,0.0012,0.0012
13.11.2023 06:35:34.996 GMT-0800,446.694,445.996,0.0012,0.0012
13.11.2023 06:35:39.305 GMT-0800,446.69300000000004,446.227,0.0012,0.0012
13.11.2023 06:35:43.208 GMT-0800,446.473,445.99699999999996,0.0012,0.0012
13.11.2023 06:35:43.259 GMT-0800,446.35300000000007,445.99699999999996,0.0012,0.0012
13.11.2023 06:35:46.013 GMT-0800,446.473,445.99699999999996,0.0012,0.0012
13.11.2023 06:35:49.799 GMT-0800,446.36400000000003,445.996,0.0012,0.0012
13.11.2023 06:35:51.984 GMT-0800,446.36400000000003,446.096,0.0012,0.0012
13.11.2023 06:35:52.802 GMT-0800,446.36400000000003,446.176,0.0012,0.0012
13.11.2023 06:35:52.852 GMT-0800,446.36400000000003,446.096,0.0012,0.0012
13.11.2023 06:35:55.639 GMT-0800,446.23300000000006,446.097,0.0012,0.0012
13.11.2023 06:35:56.082 GMT-0800,446.11300000000006,445.817,0.0012,0.0012
13.11.2023 06:35:56.183 GMT-0800,446.223,445.837,0.0012,0.0012
13.11.2023 06:35:56.337 GMT-0800,446.214,445.976,0.0012,0.0012
13.11.2023 06:35:58.745 GMT-0800,446.36400000000003,446.086,0.0012,0.0012
13.11.2023 06:35:58.952 GMT-0800,446.29300000000006,446.087,0.0012,0.0012
13.11.2023 06:36:00.147 GMT-0800,446.283,445.74699999999996,0.0012,0.0012
13.11.2023 06:36:00.198 GMT-0800,446.19300000000004,445.74699999999996,0.0012,0.0012
13.11.2023 06:36:00.946 GMT-0800,446.17300000000006,445.74699999999996,0.0012,0.0012
13.11.2023 06:36:01.578 GMT-0800,446.17300000000006,445.767,0.0012,0.0012
13.11.2023 06:36:03.881 GMT-0800,446.14300000000003,445.767,0.0012,0.0012
13.11.2023 06:36:08.492 GMT-0800,446.11400000000003,445.866,0.0012,0.0012
13.11.2023 06:36:10.988 GMT-0800,446.564,446.006,0.0012,0.0012
13.11.2023 06:36:11.090 GMT-0800,446.56300000000005,445.87699999999995,0.0012,0.0012
13.11.2023 06:36:11.145 GMT-0800,446.504,445.876,0.0012,0.0012
13.11.2023 06:36:11.204 GMT-0800,446.564,445.876,0.0012,0.0012
13.11.2023 06:36:11.804 GMT-0800,446.48300000000006,445.87699999999995,0.0012,0.0012
13.11.2023 06:36:11.991 GMT-0800,446.48400000000004,445.746,0.0012,0.0012
13.11.2023 06:36:12.758 GMT-0800,446.48300000000006,446.067,0.0012,0.0012
13.11.2023 06:36:24.558 GMT-0800,446.42300000000006,446.067,0.0012,0.0012
13.11.2023 06:36:26.248 GMT-0800,446.36400000000003,446.066,0.0012,0.0012
13.11.2023 06:36:28.699 GMT-0800,446.36400000000003,445.806,0.0012,0.0012
13.11.2023 06:36:31.580 GMT-0800,446.403,446.227,0.0012,0.0012
13.11.2023 06:36:31.643 GMT-0800,446.404,445.806,0.0012,0.0012
13.11.2023 06:36:32.185 GMT-0800,446.403,446.077,0.0012,0.0012
13.11.2023 06:36:34.155 GMT-0800,446.56300000000005,446.077,0.0012,0.0012
13.11.2023 06:36:34.206 GMT-0800,446.29400000000004,445.676,0.0012,0.0012
13.11.2023 06:36:34.320 GMT-0800,446.213,445.67699999999996,0.0012,0.0012
13.11.2023 06:36:34.469 GMT-0800,446.194,445.816,0.0012,0.0012
13.11.2023 06:36:35.186 GMT-0800,446.55400000000003,446.076,0.0012,0.0012
13.11.2023 06:36:37.104 GMT-0800,446.55400000000003,445.916,0.0012,0.0012
13.11.2023 06:36:37.190 GMT-0800,446.56300000000005,445.917,0.0012,0.0012
13.11.2023 06:36:37.378 GMT-0800,446.56300000000005,445.947,0.0012,0.0012
13.11.2023 06:36:39.674 GMT-0800,446.50300000000004,445.947,0.0012,0.0012
13.11.2023 06:36:41.324 GMT-0800,446.504,445.916,0.0012,0.0012
13.11.2023 06:36:43.846 GMT-0800,446.50300000000004,445.99699999999996,0.0012,0.0012
13.11.2023 06:36:43.995 GMT-0800,446.504,446.146,0.0012,0.0012
13.11.2023 06:36:50.356 GMT-0800,446.32300000000004,445.777,0.0012,0.0012
13.11.2023 06:36:50.952 GMT-0800,446.16400000000004,445.776,0.0012,0.0012
13.11.2023 06:36:52.704 GMT-0800,446.074,445.676,0.0012,0.0012
13.11.2023 06:36:52.755 GMT-0800,446.14300000000003,445.707,0.0012,0.0012
13.11.2023 06:36:52.805 GMT-0800,446.124,445.786,0.0012,0.0012
13.11.2023 06:36:52.950 GMT-0800,446.124,445.676,0.0012,0.0012
13.11.2023 06:36:54.204 GMT-0800,446.124,445.716,0.0012,0.0012
13.11.2023 06:36:57.784 GMT-0800,446.12300000000005,445.767,0.0012,0.0012
13.11.2023 06:37:00.829 GMT-0800,446.12300000000005,445.79699999999997,0.0012,0.0012
13.11.2023 06:37:02.642 GMT-0800,446.064,445.796,0.0012,0.0012
13.11.2023 06:37:03.080 GMT-0800,446.04300000000006,445.79699999999997,0.0012,0.0012
13.11.2023 06:37:06.277 GMT-0800,446.17300000000006,445.79699999999997,0.0012,0.0012
13.11.2023 06:37:06.328 GMT-0800,446.17300000000006,445.787,0.0012,0.0012
13.11.2023 06:37:09.480 GMT-0800,446.12300000000005,445.827,0.0012,0.0012
13.11.2023 06:37:10.673 GMT-0800,445.98300000000006,445.717,0.0012,0.0012
13.11.2023 06:37:10.723 GMT-0800,445.913,445.55699999999996,0.0012,0.0012
13.11.2023 06:37:11.053 GMT-0800,445.903,445.55699999999996,0.0012,0.0012
13.11.2023 06:37:12.549 GMT-0800,445.773,445.55699999999996,0.0012,0.0012
13.11.2023 06:37:12.599 GMT-0800,445.67300000000006,445.397,0.0012,0.0012
13.11.2023 06:37:14.179 GMT-0800,445.714,445.396,0.0012,0.0012
13.11.2023 06:37:14.393 GMT-0800,445.56300000000005,445.287,0.0012,0.0012
13.11.2023 06:37:14.444 GMT-0800,445.533,445.18699999999995,0.0012,0.0012
13.11.2023 06:37:15.150 GMT-0800,445.404,445.116,0.0012,0.0012
13.11.2023 06:37:15.407 GMT-0800,445.713,445.11699999999996,0.0012,0.0012
13.11.2023 06:37:16.277 GMT-0800,445.473,445.11699999999996,0.0012,0.0012
13.11.2023 06:37:17.051 GMT-0800,445.43300000000005,445.11699999999996,0.0012,0.0012
13.11.2023 06:37:17.992 GMT-0800,445.32300000000004,445.11699999999996,0.0012,0.0012
13.11.2023 06:37:18.202 GMT-0800,445.31300000000005,445.11699999999996,0.0012,0.0012
13.11.2023 06:37:18.605 GMT-0800,445.30400000000003,445.116,0.0012,0.0012
13.11.2023 06:37:18.717 GMT-0800,445.713,445.207,0.0012,0.0012
13.11.2023 06:37:19.014 GMT-0800,445.713,445.11699999999996,0.0012,0.0012
13.11.2023 06:37:21.162 GMT-0800,445.404,445.116,0.0012,0.0012
13.11.2023 06:37:21.702 GMT-0800,446.04300000000006,445.257,0.0012,0.0012
13.11.2023 06:37:21.753 GMT-0800,445.87300000000005,445.227,0.0012,0.0012
13.11.2023 06:37:21.804 GMT-0800,445.87300000000005,445.11699999999996,0.0012,0.0012
13.11.2023 06:37:26.215 GMT-0800,446.04400000000004,445.116,0.0012,0.0012
13.11.2023 06:37:32.121 GMT-0800,445.94300000000004,445.11699999999996,0.0012,0.0012
13.11.2023 06:37:35.479 GMT-0800,445.49300000000005,445.11699999999996,0.0012,0.0012
13.11.2023 06:37:42.133 GMT-0800,445.434,445.116,0.0012,0.0012
13.11.2023 06:37:44.620 GMT-0800,445.49300000000005,445.11699999999996,0.0012,0.0012
13.11.2023 06:37:46.775 GMT-0800,445.944,445.116,0.0012,0.0012
13.11.2023 06:37:47.761 GMT-0800,445.42300000000006,445.11699999999996,0.0012,0.0012
13.11.2023 06:37:48.819 GMT-0800,445.98300000000006,445.327,0.0012,0.0012
13.11.2023 06:37:48.935 GMT-0800,445.56300000000005,445.12699999999995,0.0012,0.0012
13.11.2023 06:37:49.954 GMT-0800,446.04400000000004,445.336,0.0012,0.0012
13.11.2023 06:37:50.005 GMT-0800,446.04400000000004,445.116,0.0012,0.0012
13.11.2023 06:37:50.112 GMT-0800,446.04300000000006,445.37699999999995,0.0012,0.0012
13.11.2023 06:37:56.870 GMT-0800,445.60400000000004,445.376,0.0012,0.0012
13.11.2023 06:37:57.301 GMT-0800,445.60400000000004,445.326,0.0012,0.0012
13.11.2023 06:37:57.947 GMT-0800,445.60400000000004,445.376,0.0012,0.0012
13.11.2023 06:37:59.625 GMT-0800,445.53400000000005,445.38599999999997,0.0012,0.0012
13.11.2023 06:37:59.676 GMT-0800,446.04300000000006,445.457,0.0012,0.0012
13.11.2023 06:38:00.680 GMT-0800,446.04400000000004,445.556,0.0012,0.0012
13.11.2023 06:38:01.052 GMT-0800,446.17400000000004,445.846,0.0012,0.0012
13.11.2023 06:38:01.461 GMT-0800,446.504,446.006,0.0012,0.0012
13.11.2023 06:38:01.822 GMT-0800,446.26300000000003,445.317,0.0012,0.0012
13.11.2023 06:38:02.173 GMT-0800,446.504,445.316,0.0012,0.0012
13.11.2023 06:38:03.763 GMT-0800,446.504,445.876,0.0012,0.0012
13.11.2023 06:38:03.874 GMT-0800,446.05400000000003,445.316,0.0012,0.0012
13.11.2023 06:38:04.467 GMT-0800,446.22400000000005,445.316,0.0012,0.0012
13.11.2023 06:38:04.918 GMT-0800,446.22400000000005,445.426,0.0012,0.0012
13.11.2023 06:38:06.217 GMT-0800,446.22400000000005,445.44599999999997,0.0012,0.0012
13.11.2023 06:38:09.069 GMT-0800,446.22400000000005,445.646,0.0012,0.0012
13.11.2023 06:38:09.147 GMT-0800,446.22400000000005,445.616,0.0012,0.0012
13.11.2023 06:38:09.265 GMT-0800,446.47400000000005,445.616,0.0012,0.0012
13.11.2023 06:38:09.350 GMT-0800,446.47400000000005,445.626,0.0012,0.0012
13.11.2023 06:38:12.237 GMT-0800,446.47400000000005,445.656,0.0012,0.0012
13.11.2023 06:38:15.292 GMT-0800,446.473,445.847,0.0012,0.0012
13.11.2023 06:38:15.861 GMT-0800,445.994,445.846,0.0012,0.0012
13.11.2023 06:38:16.183 GMT-0800,446.473,445.847,0.0012,0.0012
13.11.2023 06:38:16.286 GMT-0800,446.00300000000004,445.847,0.0012,0.0012
13.11.2023 06:38:16.650 GMT-0800,445.99300000000005,445.657,0.0012,0.0012
13.11.2023 06:38:16.736 GMT-0800,446.004,445.656,0.0012,0.0012
13.11.2023 06:38:16.837 GMT-0800,446.163,445.657,0.0012,0.0012
13.11.2023 06:38:16.888 GMT-0800,445.87300000000005,445.657,0.0012,0.0012
13.11.2023 06:38:16.939 GMT-0800,445.994,445.656,0.0012,0.0012
13.11.2023 06:38:17.039 GMT-0800,446.16400000000004,445.656,0.0012,0.0012
13.11.2023 06:38:17.090 GMT-0800,445.98400000000004,445.656,0.0012,0.0012
13.11.2023 06:38:17.321 GMT-0800,445.87300000000005,445.657,0.0012,0.0012
13.11.2023 06:38:22.811 GMT-0800,446.47400000000005,445.756,0.0012,0.0012
13.11.2023 06:38:23.172 GMT-0800,446.04400000000004,445.656,0.0012,0.0012
13.11.2023 06:38:24.227 GMT-0800,446.473,445.887,0.0012,0.0012
13.11.2023 06:38:24.289 GMT-0800,446.50300000000004,445.657,0.0012,0.0012
13.11.2023 06:38:24.601 GMT-0800,446.504,446.036,0.0012,0.0012
13.11.2023 06:38:24.657 GMT-0800,446.50300000000004,445.657,0.0012,0.0012
13.11.2023 06:38:24.869 GMT-0800,446.504,446.056,0.0012,0.0012
13.11.2023 06:38:28.069 GMT-0800,446.50300000000004,446.097,0.0012,0.0012
13.11.2023 06:38:28.170 GMT-0800,446.98300000000006,446.327,0.0012,0.0012
13.11.2023 06:38:29.957 GMT-0800,446.98400000000004,446.466,0.0012,0.0012
13.11.2023 06:38:31.027 GMT-0800,446.73400000000004,446.466,0.0012,0.0012
13.11.2023 06:38:31.077 GMT-0800,446.60300000000007,446.327,0.0012,0.0012
13.11.2023 06:38:31.404 GMT-0800,446.723,446.327,0.0012,0.0012
13.11.2023 06:38:32.064 GMT-0800,446.98400000000004,446.326,0.0012,0.0012
13.11.2023 06:38:32.469 GMT-0800,446.98300000000006,446.457,0.0012,0.0012
13.11.2023 06:38:32.836 GMT-0800,446.78400000000005,446.456,0.0012,0.0012
13.11.2023 06:38:35.302 GMT-0800,447.204,446.726,0.0012,0.0012
13.11.2023 06:38:35.362 GMT-0800,447.024,446.726,0.0012,0.0012
13.11.2023 06:38:39.029 GMT-0800,446.884,446.456,0.0012,0.0012
13.11.2023 06:38:40.473 GMT-0800,446.88300000000004,446.327,0.0012,0.0012
13.11.2023 06:38:40.523 GMT-0800,446.67300000000006,446.327,0.0012,0.0012
13.11.2023 06:38:40.854 GMT-0800,447.05400000000003,446.326,0.0012,0.0012
13.11.2023 06:38:40.957 GMT-0800,447.05400000000003,446.336,0.0012,0.0012
13.11.2023 06:38:41.239 GMT-0800,447.04300000000006,446.337,0.0012,0.0012
13.11.2023 06:38:41.511 GMT-0800,446.50300000000004,446.18699999999995,0.0012,0.0012
13.11.2023 06:38:41.561 GMT-0800,446.55400000000003,446.186,0.0012,0.0012
13.11.2023 06:38:41.887 GMT-0800,446.374,446.186,0.0012,0.0012
13.11.2023 06:38:42.000 GMT-0800,446.36300000000006,446.18699999999995,0.0012,0.0012
13.11.2023 06:38:42.097 GMT-0800,446.343,446.11699999999996,0.0012,0.0012
13.11.2023 06:38:42.148 GMT-0800,446.333,446.11699999999996,0.0012,0.0012
13.11.2023 06:38:45.763 GMT-0800,446.91400000000004,446.116,0.0012,0.0012
13.11.2023 06:38:46.776 GMT-0800,446.74300000000005,446.11699999999996,0.0012,0.0012
13.11.2023 06:38:49.746 GMT-0800,446.74300000000005,446.157,0.0012,0.0012
13.11.2023 06:38:53.348 GMT-0800,446.723,446.157,0.0012,0.0012
13.11.2023 06:38:55.640 GMT-0800,446.72400000000005,446.19599999999997,0.0012,0.0012
13.11.2023 06:38:56.179 GMT-0800,446.92300000000006,446.457,0.0012,0.0012
13.11.2023 06:38:56.229 GMT-0800,447.12300000000005,446.457,0.0012,0.0012
13.11.2023 06:38:56.370 GMT-0800,447.204,446.706,0.0012,0.0012
13.11.2023 06:38:57.057 GMT-0800,447.10300000000007,446.707,0.0012,0.0012
13.11.2023 06:38:57.147 GMT-0800,447.20300000000003,446.707,0.0012,0.0012
13.11.2023 06:38:57.198 GMT-0800,447.10300000000007,446.707,0.0012,0.0012
13.11.2023 06:38:57.328 GMT-0800,447.20300000000003,446.707,0.0012,0.0012
13.11.2023 06:38:57.378 GMT-0800,447.10400000000004,446.706,0.0012,0.0012
13.11.2023 06:38:57.584 GMT-0800,447.204,446.706,0.0012,0.0012
13.11.2023 06:38:57.726 GMT-0800,447.10300000000007,446.707,0.0012,0.0012
13.11.2023 06:38:57.886 GMT-0800,447.20300000000003,446.707,0.0012,0.0012
13.11.2023 06:38:58.917 GMT-0800,447.10400000000004,446.706,0.0012,0.0012
13.11.2023 06:38:59.031 GMT-0800,447.20300000000003,446.707,0.0012,0.0012
13.11.2023 06:38:59.136 GMT-0800,447.10300000000007,446.707,0.0012,0.0012
13.11.2023 06:38:59.237 GMT-0800,447.204,446.706,0.0012,0.0012
13.11.2023 06:38:59.288 GMT-0800,447.10300000000007,446.707,0.0012,0.0012
13.11.2023 06:38:59.899 GMT-0800,447.204,446.706,0.0012,0.0012
13.11.2023 06:38:59.949 GMT-0800,447.10400000000004,446.706,0.0012,0.0012
13.11.2023 06:38:59.999 GMT-0800,447.11300000000006,446.707,0.0012,0.0012
13.11.2023 06:39:00.208 GMT-0800,447.10300000000007,446.707,0.0012,0.0012
13.11.2023 06:39:00.584 GMT-0800,447.11400000000003,446.706,0.0012,0.0012
13.11.2023 06:39:00.757 GMT-0800,446.99300000000005,446.707,0.0012,0.0012
13.11.2023 06:39:02.597 GMT-0800,446.994,446.726,0.0012,0.0012
13.11.2023 06:39:05.678 GMT-0800,446.97400000000005,446.726,0.0012,0.0012
13.11.2023 06:39:07.120 GMT-0800,446.85400000000004,446.706,0.0012,0.0012
13.11.2023 06:39:07.170 GMT-0800,446.84400000000005,446.616,0.0012,0.0012
13.11.2023 06:39:07.221 GMT-0800,446.964,446.616,0.0012,0.0012
13.11.2023 06:39:07.492 GMT-0800,446.78400000000005,446.426,0.0012,0.0012
13.11.2023 06:39:08.500 GMT-0800,446.973,446.42699999999996,0.0012,0.0012
13.11.2023 06:39:12.280 GMT-0800,446.76300000000003,446.42699999999996,0.0012,0.0012
13.11.2023 06:39:13.491 GMT-0800,446.76300000000003,446.347,0.0012,0.0012
13.11.2023 06:39:15.381 GMT-0800,446.764,446.316,0.0012,0.0012
13.11.2023 06:39:16.139 GMT-0800,447.093,446.537,0.0012,0.0012
13.11.2023 06:39:16.475 GMT-0800,447.09400000000005,446.44599999999997,0.0012,0.0012
13.11.2023 06:39:17.488 GMT-0800,447.09400000000005,446.316,0.0012,0.0012
13.11.2023 06:39:21.301 GMT-0800,447.084,446.316,0.0012,0.0012
13.11.2023 06:39:22.316 GMT-0800,447.09400000000005,446.566,0.0012,0.0012
13.11.2023 06:39:22.595 GMT-0800,446.86400000000003,446.566,0.0012,0.0012
13.11.2023 06:39:22.895 GMT-0800,447.093,446.567,0.0012,0.0012
13.11.2023 06:39:24.736 GMT-0800,446.80300000000005,446.317,0.0012,0.0012
13.11.2023 06:39:24.787 GMT-0800,447.09400000000005,446.316,0.0012,0.0012
13.11.2023 06:39:24.837 GMT-0800,446.963,446.317,0.0012,0.0012
13.11.2023 06:39:25.170 GMT-0800,447.09400000000005,446.316,0.0012,0.0012
13.11.2023 06:39:25.654 GMT-0800,447.023,446.317,0.0012,0.0012
13.11.2023 06:39:27.321 GMT-0800,447.024,446.426,0.0012,0.0012
13.11.2023 06:39:27.371 GMT-0800,447.023,446.317,0.0012,0.0012
13.11.2023 06:39:28.184 GMT-0800,447.023,446.37699999999995,0.0012,0.0012
13.11.2023 06:39:30.761 GMT-0800,447.023,446.267,0.0012,0.0012
13.11.2023 06:39:31.018 GMT-0800,446.944,446.366,0.0012,0.0012
13.11.2023 06:39:31.069 GMT-0800,447.023,446.36699999999996,0.0012,0.0012
13.11.2023 06:39:31.119 GMT-0800,446.994,446.366,0.0012,0.0012
13.11.2023 06:39:32.886 GMT-0800,447.024,446.506,0.0012,0.0012
13.11.2023 06:39:34.669 GMT-0800,447.09400000000005,446.506,0.0012,0.0012
13.11.2023 06:39:38.076 GMT-0800,446.973,446.507,0.0012,0.0012
13.11.2023 06:39:38.212 GMT-0800,447.204,446.876,0.0012,0.0012
13.11.2023 06:39:38.722 GMT-0800,447.714,447.036,0.0012,0.0012
13.11.2023 06:39:39.819 GMT-0800,447.48300000000006,446.79699999999997,0.0012,0.0012
13.11.2023 06:39:49.973 GMT-0800,447.48300000000006,446.80699999999996,0.0012,0.0012
13.11.2023 06:39:50.074 GMT-0800,447.48400000000004,446.94599999999997,0.0012,0.0012
13.11.2023 06:39:52.310 GMT-0800,447.48300000000006,447.007,0.0012,0.0012
13.11.2023 06:39:57.165 GMT-0800,447.35400000000004,447.006,0.0012,0.0012
13.11.2023 06:40:01.268 GMT-0800,447.994,447.076,0.0012,0.0012
13.11.2023 06:40:01.364 GMT-0800,447.55400000000003,447.076,0.0012,0.0012
13.11.2023 06:40:02.747 GMT-0800,447.55400000000003,447.086,0.0012,0.0012
13.11.2023 06:40:02.848 GMT-0800,447.55300000000005,447.077,0.0012,0.0012
13.11.2023 06:40:03.058 GMT-0800,447.55300000000005,447.207,0.0012,0.0012
13.11.2023 06:40:05.451 GMT-0800,447.55300000000005,447.197,0.0012,0.0012
13.11.2023 06:40:05.502 GMT-0800,447.55400000000003,447.206,0.0012,0.0012
13.11.2023 06:40:09.648 GMT-0800,447.47400000000005,447.206,0.0012,0.0012
13.11.2023 06:40:11.359 GMT-0800,447.98300000000006,447.207,0.0012,0.0012
13.11.2023 06:40:11.460 GMT-0800,447.98300000000006,447.197,0.0012,0.0012
13.11.2023 06:40:11.510 GMT-0800,447.404,447.19599999999997,0.0012,0.0012
13.11.2023 06:40:16.599 GMT-0800,447.824,447.296,0.0012,0.0012
13.11.2023 06:40:16.650 GMT-0800,447.67300000000006,447.197,0.0012,0.0012
13.11.2023 06:40:16.751 GMT-0800,447.67400000000004,447.306,0.0012,0.0012
13.11.2023 06:40:17.249 GMT-0800,447.67300000000006,447.197,0.0012,0.0012
13.11.2023 06:40:18.630 GMT-0800,447.67400000000004,447.246,0.0012,0.0012
13.11.2023 06:40:25.854 GMT-0800,447.54400000000004,447.246,0.0012,0.0012
13.11.2023 06:40:26.600 GMT-0800,447.54300000000006,447.257,0.0012,0.0012
13.11.2023 06:40:27.094 GMT-0800,447.704,447.396,0.0012,0.0012
13.11.2023 06:40:27.145 GMT-0800,447.593,447.257,0.0012,0.0012
13.11.2023 06:40:27.642 GMT-0800,447.55300000000005,447.257,0.0012,0.0012
13.11.2023 06:40:29.747 GMT-0800,447.783,447.397,0.0012,0.0012
13.11.2023 06:40:29.798 GMT-0800,447.824,447.256,0.0012,0.0012
13.11.2023 06:40:29.890 GMT-0800,447.82300000000004,447.407,0.0012,0.0012
13.11.2023 06:40:30.496 GMT-0800,447.82300000000004,447.257,0.0012,0.0012
13.11.2023 06:40:30.891 GMT-0800,447.824,447.266,0.0012,0.0012
13.11.2023 06:40:31.268 GMT-0800,447.824,447.256,0.0012,0.0012
13.11.2023 06:40:31.319 GMT-0800,447.824,447.266,0.0012,0.0012
13.11.2023 06:40:31.449 GMT-0800,447.80400000000003,447.356,0.0012,0.0012
13.11.2023 06:40:31.628 GMT-0800,447.99300000000005,447.477,0.0012,0.0012
13.11.2023 06:40:31.683 GMT-0800,447.99300000000005,447.257,0.0012,0.0012
13.11.2023 06:40:31.734 GMT-0800,447.994,447.486,0.0012,0.0012
13.11.2023 06:40:31.857 GMT-0800,447.99300000000005,447.49699999999996,0.0012,0.0012
13.11.2023 06:40:32.017 GMT-0800,447.994,447.486,0.0012,0.0012
13.11.2023 06:40:33.580 GMT-0800,447.994,447.646,0.0012,0.0012
13.11.2023 06:40:34.110 GMT-0800,447.994,447.706,0.0012,0.0012
13.11.2023 06:40:34.161 GMT-0800,447.99300000000005,447.647,0.0012,0.0012
13.11.2023 06:40:34.230 GMT-0800,448.17400000000004,447.826,0.0012,0.0012
13.11.2023 06:40:34.281 GMT-0800,448.05400000000003,447.596,0.0012,0.0012
13.11.2023 06:40:34.362 GMT-0800,448.05300000000005,447.897,0.0012,0.0012
13.11.2023 06:40:34.413 GMT-0800,448.17300000000006,447.897,0.0012,0.0012
13.11.2023 06:40:35.036 GMT-0800,448.41400000000004,447.896,0.0012,0.0012
13.11.2023 06:40:35.163 GMT-0800,448.413,447.92699999999996,0.0012,0.0012
13.11.2023 06:40:35.417 GMT-0800,448.494,448.096,0.0012,0.0012
13.11.2023 06:40:37.850 GMT-0800,448.454,448.096,0.0012,0.0012
13.11.2023 06:40:37.901 GMT-0800,448.494,448.096,0.0012,0.0012
13.11.2023 06:40:38.923 GMT-0800,448.42300000000006,448.097,0.0012,0.0012
13.11.2023 06:40:39.097 GMT-0800,448.413,448.097,0.0012,0.0012
13.11.2023 06:40:40.066 GMT-0800,448.41400000000004,447.88599999999997,0.0012,0.0012
13.11.2023 06:40:40.116 GMT-0800,448.314,447.926,0.0012,0.0012
13.11.2023 06:40:40.248 GMT-0800,448.95300000000003,448.11699999999996,0.0012,0.0012
13.11.2023 06:40:40.627 GMT-0800,448.954,448.016,0.0012,0.0012
13.11.2023 06:40:40.678 GMT-0800,448.48300000000006,448.017,0.0012,0.0012
13.11.2023 06:40:40.779 GMT-0800,448.95300000000003,448.017,0.0012,0.0012
13.11.2023 06:40:41.044 GMT-0800,448.374,448.016,0.0012,0.0012
13.11.2023 06:40:41.152 GMT-0800,448.36400000000003,448.016,0.0012,0.0012
13.11.2023 06:40:41.267 GMT-0800,448.35400000000004,448.016,0.0012,0.0012
13.11.2023 06:40:41.666 GMT-0800,448.343,448.017,0.0012,0.0012
13.11.2023 06:40:43.663 GMT-0800,448.333,448.017,0.0012,0.0012
13.11.2023 06:40:43.903 GMT-0800,448.42400000000004,448.176,0.0012,0.0012
13.11.2023 06:40:43.954 GMT-0800,448.583,448.17699999999996,0.0012,0.0012
13.11.2023 06:40:44.111 GMT-0800,448.514,448.016,0.0012,0.0012
13.11.2023 06:40:44.162 GMT-0800,448.413,448.017,0.0012,0.0012
13.11.2023 06:40:44.668 GMT-0800,448.394,448.016,0.0012,0.0012
13.11.2023 06:40:46.165 GMT-0800,448.403,448.017,0.0012,0.0012
13.11.2023 06:40:51.280 GMT-0800,448.404,448.146,0.0012,0.0012
13.11.2023 06:40:52.128 GMT-0800,448.404,448.176,0.0012,0.0012
13.11.2023 06:40:52.402 GMT-0800,448.404,448.166,0.0012,0.0012
13.11.2023 06:40:53.514 GMT-0800,448.28400000000005,447.956,0.0012,0.0012
13.11.2023 06:40:53.654 GMT-0800,448.283,448.027,0.0012,0.0012
13.11.2023 06:40:56.087 GMT-0800,448.384,447.826,0.0012,0.0012
13.11.2023 06:40:56.137 GMT-0800,448.10400000000004,447.576,0.0012,0.0012
13.11.2023 06:40:56.188 GMT-0800,448.384,447.576,0.0012,0.0012
13.11.2023 06:40:59.654 GMT-0800,448.38300000000004,447.827,0.0012,0.0012
13.11.2023 06:41:04.120 GMT-0800,448.45300000000003,447.827,0.0012,0.0012
13.11.2023 06:41:04.171 GMT-0800,448.36400000000003,447.826,0.0012,0.0012
13.11.2023 06:41:08.426 GMT-0800,448.19300000000004,447.827,0.0012,0.0012
13.11.2023 06:41:09.036 GMT-0800,448.014,447.756,0.0012,0.0012
13.11.2023 06:41:09.604 GMT-0800,448.01300000000003,447.767,0.0012,0.0012
13.11.2023 06:41:10.285 GMT-0800,447.89300000000003,447.24699999999996,0.0012,0.0012
13.11.2023 06:41:10.336 GMT-0800,447.833,447.24699999999996,0.0012,0.0012
13.11.2023 06:41:10.386 GMT-0800,448.333,447.24699999999996,0.0012,0.0012
13.11.2023 06:41:10.605 GMT-0800,448.04400000000004,447.246,0.0012,0.0012
13.11.2023 06:41:10.889 GMT-0800,448.334,447.246,0.0012,0.0012
13.11.2023 06:41:10.997 GMT-0800,447.66400000000004,447.246,0.0012,0.0012
13.11.2023 06:41:11.048 GMT-0800,448.334,447.246,0.0012,0.0012
13.11.2023 06:41:11.167 GMT-0800,448.333,447.217,0.0012,0.0012
13.11.2023 06:41:12.795 GMT-0800,447.54400000000004,446.586,0.0012,0.0012
13.11.2023 06:41:13.136 GMT-0800,447.964,447.006,0.0012,0.0012
13.11.2023 06:41:13.246 GMT-0800,447.964,447.046,0.0012,0.0012
13.11.2023 06:41:13.550 GMT-0800,447.45300000000003,447.05699999999996,0.0012,0.0012
13.11.2023 06:41:13.600 GMT-0800,447.963,447.05699999999996,0.0012,0.0012
13.11.2023 06:41:13.651 GMT-0800,447.45300000000003,447.04699999999997,0.0012,0.0012
13.11.2023 06:41:13.701 GMT-0800,447.963,447.04699999999997,0.0012,0.0012
13.11.2023 06:41:13.802 GMT-0800,447.48400000000004,447.046,0.0012,0.0012
13.11.2023 06:41:13.864 GMT-0800,447.964,447.046,0.0012,0.0012
13.11.2023 06:41:13.964 GMT-0800,447.48400000000004,447.046,0.0012,0.0012
13.11.2023 06:41:14.015 GMT-0800,447.964,447.046,0.0012,0.0012
13.11.2023 06:41:14.065 GMT-0800,447.48300000000006,447.04699999999997,0.0012,0.0012
13.11.2023 06:41:14.166 GMT-0800,447.963,447.04699999999997,0.0012,0.0012
13.11.2023 06:41:15.400 GMT-0800,447.964,447.056,0.0012,0.0012
13.11.2023 06:41:15.547 GMT-0800,447.663,447.05699999999996,0.0012,0.0012
13.11.2023 06:41:17.544 GMT-0800,447.25300000000004,447.037,0.0012,0.0012
13.11.2023 06:41:17.595 GMT-0800,447.35400000000004,446.936,0.0012,0.0012
13.11.2023 06:41:17.696 GMT-0800,447.66400000000004,446.936,0.0012,0.0012
13.11.2023 06:41:17.746 GMT-0800,447.663,446.947,0.0012,0.0012
13.11.2023 06:41:20.415 GMT-0800,447.62300000000005,446.947,0.0012,0.0012
13.11.2023 06:41:22.485 GMT-0800,447.62300000000005,446.957,0.0012,0.0012
13.11.2023 06:41:26.280 GMT-0800,447.29300000000006,446.507,0.0012,0.0012
13.11.2023 06:41:26.381 GMT-0800,447.62300000000005,446.727,0.0012,0.0012
13.11.2023 06:41:29.815 GMT-0800,447.494,446.726,0.0012,0.0012
13.11.2023 06:41:30.917 GMT-0800,447.014,446.726,0.0012,0.0012
13.11.2023 06:41:30.967 GMT-0800,447.49300000000005,446.537,0.0012,0.0012
13.11.2023 06:41:31.238 GMT-0800,447.473,446.537,0.0012,0.0012
13.11.2023 06:41:34.209 GMT-0800,447.17400000000004,446.536,0.0012,0.0012
13.11.2023 06:41:36.180 GMT-0800,447.05300000000005,446.537,0.0012,0.0012
13.11.2023 06:41:36.856 GMT-0800,447.004,446.536,0.0012,0.0012
13.11.2023 06:41:38.317 GMT-0800,447.17400000000004,446.536,0.0012,0.0012
13.11.2023 06:41:38.367 GMT-0800,446.99300000000005,446.537,0.0012,0.0012
13.11.2023 06:41:41.873 GMT-0800,446.973,446.537,0.0012,0.0012
13.11.2023 06:41:43.262 GMT-0800,446.93300000000005,446.537,0.0012,0.0012
13.11.2023 06:41:43.338 GMT-0800,446.93300000000005,446.347,0.0012,0.0012
13.11.2023 06:41:43.882 GMT-0800,446.92400000000004,446.346,0.0012,0.0012
13.11.2023 06:41:44.504 GMT-0800,446.91400000000004,446.346,0.0012,0.0012
13.11.2023 06:41:44.700 GMT-0800,446.92300000000006,446.347,0.0012,0.0012
13.11.2023 06:41:45.066 GMT-0800,446.93300000000005,446.347,0.0012,0.0012
13.11.2023 06:41:45.337 GMT-0800,446.894,446.346,0.0012,0.0012
13.11.2023 06:41:45.861 GMT-0800,446.89300000000003,446.35699999999997,0.0012,0.0012
13.11.2023 06:41:45.972 GMT-0800,446.894,446.346,0.0012,0.0012
13.11.2023 06:41:46.051 GMT-0800,446.903,446.347,0.0012,0.0012
13.11.2023 06:41:46.301 GMT-0800,446.904,446.356,0.0012,0.0012
13.11.2023 06:41:46.808 GMT-0800,446.754,446.356,0.0012,0.0012
13.11.2023 06:41:47.357 GMT-0800,446.74300000000005,446.327,0.0012,0.0012
13.11.2023 06:41:48.027 GMT-0800,446.903,446.327,0.0012,0.0012
13.11.2023 06:41:48.856 GMT-0800,446.904,446.436,0.0012,0.0012
13.11.2023 06:41:48.921 GMT-0800,446.904,446.326,0.0012,0.0012
13.11.2023 06:41:51.029 GMT-0800,446.88300000000004,446.327,0.0012,0.0012
13.11.2023 06:41:54.851 GMT-0800,446.61300000000006,445.837,0.0012,0.0012
13.11.2023 06:41:55.208 GMT-0800,446.273,445.837,0.0012,0.0012
13.11.2023 06:41:55.259 GMT-0800,446.86400000000003,445.836,0.0012,0.0012
13.11.2023 06:41:56.203 GMT-0800,446.66400000000004,445.836,0.0012,0.0012
13.11.2023 06:41:58.874 GMT-0800,446.454,445.836,0.0012,0.0012
13.11.2023 06:42:00.657 GMT-0800,446.463,445.837,0.0012,0.0012
13.11.2023 06:42:01.505 GMT-0800,446.464,445.796,0.0012,0.0012
13.11.2023 06:42:01.555 GMT-0800,446.42300000000006,445.827,0.0012,0.0012
13.11.2023 06:42:02.538 GMT-0800,446.42300000000006,445.79699999999997,0.0012,0.0012
13.11.2023 06:42:03.088 GMT-0800,446.42300000000006,445.727,0.0012,0.0012
13.11.2023 06:42:03.316 GMT-0800,446.42400000000004,445.916,0.0012,0.0012
13.11.2023 06:42:07.940 GMT-0800,446.04300000000006,445.74699999999996,0.0012,0.0012
13.11.2023 06:42:07.990 GMT-0800,446.42400000000004,445.746,0.0012,0.0012
13.11.2023 06:42:08.098 GMT-0800,446.264,445.746,0.0012,0.0012
13.11.2023 06:42:08.506 GMT-0800,446.26300000000003,445.347,0.0012,0.0012
13.11.2023 06:42:09.189 GMT-0800,446.26300000000003,445.49699999999996,0.0012,0.0012
13.11.2023 06:42:09.527 GMT-0800,446.26300000000003,445.507,0.0012,0.0012
13.11.2023 06:42:09.803 GMT-0800,446.084,445.496,0.0012,0.0012
13.11.2023 06:42:10.491 GMT-0800,446.084,445.526,0.0012,0.0012
13.11.2023 06:42:10.548 GMT-0800,446.084,445.516,0.0012,0.0012
13.11.2023 06:42:10.796 GMT-0800,446.084,445.506,0.0012,0.0012
13.11.2023 06:42:11.775 GMT-0800,446.084,445.496,0.0012,0.0012
13.11.2023 06:42:11.927 GMT-0800,446.084,445.506,0.0012,0.0012
13.11.2023 06:42:11.981 GMT-0800,446.083,445.49699999999996,0.0012,0.0012
13.11.2023 06:42:12.287 GMT-0800,445.80300000000005,445.49699999999996,0.0012,0.0012
13.11.2023 06:42:13.169 GMT-0800,445.80400000000003,445.506,0.0012,0.0012
13.11.2023 06:42:13.274 GMT-0800,446.083,445.48699999999997,0.0012,0.0012
13.11.2023 06:42:13.351 GMT-0800,445.79300000000006,445.48699999999997,0.0012,0.0012
13.11.2023 06:42:14.372 GMT-0800,446.083,445.48699999999997,0.0012,0.0012
13.11.2023 06:42:17.065 GMT-0800,446.084,445.476,0.0012,0.0012
13.11.2023 06:42:17.838 GMT-0800,446.083,445.347,0.0012,0.0012
13.11.2023 06:42:19.042 GMT-0800,445.884,445.346,0.0012,0.0012
13.11.2023 06:42:19.148 GMT-0800,446.084,445.496,0.0012,0.0012
13.11.2023 06:42:24.892 GMT-0800,446.083,445.347,0.0012,0.0012
13.11.2023 06:42:26.791 GMT-0800,446.083,445.49699999999996,0.0012,0.0012
13.11.2023 06:42:29.247 GMT-0800,446.004,445.496,0.0012,0.0012
13.11.2023 06:42:29.298 GMT-0800,446.084,445.496,0.0012,0.0012
13.11.2023 06:42:29.952 GMT-0800,446.084,445.346,0.0012,0.0012
13.11.2023 06:42:30.065 GMT-0800,446.084,445.526,0.0012,0.0012
13.11.2023 06:42:30.761 GMT-0800,445.93300000000005,445.527,0.0012,0.0012
13.11.2023 06:42:30.815 GMT-0800,446.083,445.527,0.0012,0.0012
13.11.2023 06:42:40.632 GMT-0800,446.083,445.54699999999997,0.0012,0.0012
13.11.2023 06:42:42.237 GMT-0800,446.083,445.55699999999996,0.0012,0.0012
13.11.2023 06:42:42.460 GMT-0800,446.084,445.546,0.0012,0.0012
13.11.2023 06:42:42.653 GMT-0800,446.083,445.55699999999996,0.0012,0.0012
13.11.2023 06:42:49.853 GMT-0800,445.964,445.556,0.0012,0.0012
13.11.2023 06:42:53.646 GMT-0800,445.944,445.556,0.0012,0.0012
13.11.2023 06:42:56.961 GMT-0800,445.774,445.236,0.0012,0.0012
13.11.2023 06:42:57.012 GMT-0800,445.843,445.23699999999997,0.0012,0.0012
13.11.2023 06:43:03.069 GMT-0800,445.663,445.23699999999997,0.0012,0.0012
13.11.2023 06:43:03.119 GMT-0800,445.824,445.236,0.0012,0.0012
13.11.2023 06:43:15.180 GMT-0800,445.774,445.236,0.0012,0.0012
13.11.2023 06:43:16.697 GMT-0800,445.593,445.23699999999997,0.0012,0.0012
13.11.2023 06:43:17.305 GMT-0800,445.42300000000006,445.17699999999996,0.0012,0.0012
13.11.2023 06:43:17.356 GMT-0800,445.35400000000004,445.036,0.0012,0.0012
13.11.2023 06:43:17.457 GMT-0800,445.23300000000006,444.99699999999996,0.0012,0.0012
13.11.2023 06:43:17.507 GMT-0800,445.42300000000006,444.977,0.0012,0.0012
13.11.2023 06:43:17.591 GMT-0800,445.42400000000004,444.996,0.0012,0.0012
13.11.2023 06:43:17.793 GMT-0800,445.42400000000004,444.956,0.0012,0.0012
13.11.2023 06:43:17.894 GMT-0800,445.593,444.99699999999996,0.0012,0.0012
13.11.2023 06:43:18.097 GMT-0800,445.564,444.996,0.0012,0.0012
13.11.2023 06:43:18.277 GMT-0800,445.57300000000004,444.99699999999996,0.0012,0.0012
13.11.2023 06:43:19.248 GMT-0800,445.50300000000004,444.99699999999996,0.0012,0.0012
13.11.2023 06:43:26.191 GMT-0800,445.43300000000005,444.99699999999996,0.0012,0.0012
13.11.2023 06:43:29.747 GMT-0800,445.28400000000005,444.996,0.0012,0.0012
13.11.2023 06:43:30.904 GMT-0800,445.273,444.99699999999996,0.0012,0.0012
13.11.2023 06:43:31.159 GMT-0800,445.28400000000005,444.996,0.0012,0.0012
13.11.2023 06:43:32.688 GMT-0800,445.244,444.996,0.0012,0.0012
13.11.2023 06:43:33.079 GMT-0800,445.124,444.936,0.0012,0.0012
13.11.2023 06:43:33.130 GMT-0800,445.244,444.996,0.0012,0.0012
13.11.2023 06:43:34.166 GMT-0800,445.17400000000004,444.996,0.0012,0.0012
13.11.2023 06:43:34.886 GMT-0800,445.244,444.996,0.0012,0.0012
13.11.2023 06:43:34.936 GMT-0800,445.194,444.996,0.0012,0.0012
13.11.2023 06:43:36.498 GMT-0800,445.163,444.99699999999996,0.0012,0.0012
13.11.2023 06:43:36.938 GMT-0800,445.154,444.996,0.0012,0.0012
13.11.2023 06:43:37.157 GMT-0800,445.144,444.996,0.0012,0.0012
13.11.2023 06:43:37.438 GMT-0800,445.134,444.996,0.0012,0.0012
13.11.2023 06:43:37.739 GMT-0800,445.11400000000003,444.996,0.0012,0.0012
13.11.2023 06:43:37.931 GMT-0800,445.10400000000004,444.996,0.0012,0.0012
13.11.2023 06:43:38.360 GMT-0800,445.244,445.046,0.0012,0.0012
13.11.2023 06:43:38.461 GMT-0800,445.434,445.046,0.0012,0.0012
13.11.2023 06:43:38.736 GMT-0800,445.35400000000004,445.046,0.0012,0.0012
13.11.2023 06:43:39.326 GMT-0800,445.47400000000005,445.19599999999997,0.0012,0.0012
13.11.2023 06:43:43.886 GMT-0800,445.463,445.197,0.0012,0.0012
13.11.2023 06:43:44.158 GMT-0800,445.45300000000003,445.197,0.0012,0.0012
13.11.2023 06:43:44.376 GMT-0800,445.444,445.19599999999997,0.0012,0.0012
13.11.2023 06:43:44.565 GMT-0800,445.324,445.056,0.0012,0.0012
13.11.2023 06:43:44.711 GMT-0800,445.324,444.836,0.0012,0.0012
13.11.2023 06:43:44.762 GMT-0800,445.36300000000006,444.837,0.0012,0.0012
13.11.2023 06:43:44.868 GMT-0800,445.29300000000006,444.947,0.0012,0.0012
13.11.2023 06:43:45.182 GMT-0800,445.29300000000006,444.837,0.0012,0.0012
13.11.2023 06:43:45.382 GMT-0800,445.29400000000004,444.94599999999997,0.0012,0.0012
13.11.2023 06:43:46.661 GMT-0800,445.36400000000003,444.94599999999997,0.0012,0.0012
13.11.2023 06:43:48.220 GMT-0800,445.36400000000003,444.836,0.0012,0.0012
13.11.2023 06:43:52.081 GMT-0800,445.28400000000005,444.836,0.0012,0.0012
13.11.2023 06:44:00.125 GMT-0800,445.274,444.836,0.0012,0.0012
13.11.2023 06:44:00.312 GMT-0800,445.28400000000005,444.836,0.0012,0.0012
13.11.2023 06:44:00.551 GMT-0800,445.264,444.836,0.0012,0.0012
13.11.2023 06:44:00.756 GMT-0800,445.28400000000005,444.836,0.0012,0.0012
13.11.2023 06:44:00.807 GMT-0800,445.36300000000006,444.837,0.0012,0.0012
13.11.2023 06:44:00.911 GMT-0800,445.134,444.836,0.0012,0.0012
13.11.2023 06:44:01.020 GMT-0800,445.014,444.836,0.0012,0.0012
13.11.2023 06:44:01.071 GMT-0800,444.934,444.746,0.0012,0.0012
13.11.2023 06:44:01.380 GMT-0800,445.36300000000006,444.837,0.0012,0.0012
13.11.2023 06:44:01.537 GMT-0800,445.124,444.836,0.0012,0.0012
13.11.2023 06:44:01.942 GMT-0800,445.11300000000006,444.837,0.0012,0.0012
13.11.2023 06:44:02.771 GMT-0800,445.36300000000006,445.037,0.0012,0.0012
13.11.2023 06:44:03.004 GMT-0800,445.274,445.036,0.0012,0.0012
13.11.2023 06:44:04.119 GMT-0800,445.163,444.817,0.0012,0.0012
13.11.2023 06:44:04.493 GMT-0800,445.36400000000003,444.816,0.0012,0.0012
13.11.2023 06:44:06.140 GMT-0800,445.00300000000004,444.817,0.0012,0.0012
13.11.2023 06:44:09.144 GMT-0800,444.913,444.43699999999995,0.0012,0.0012
13.11.2023 06:44:09.505 GMT-0800,445.004,444.436,0.0012,0.0012
13.11.2023 06:44:09.912 GMT-0800,445.00300000000004,444.657,0.0012,0.0012
13.11.2023 06:44:10.013 GMT-0800,444.994,444.666,0.0012,0.0012
13.11.2023 06:44:10.163 GMT-0800,445.004,444.666,0.0012,0.0012
13.11.2023 06:44:10.214 GMT-0800,444.99300000000005,444.657,0.0012,0.0012
13.11.2023 06:44:10.444 GMT-0800,445.00300000000004,444.657,0.0012,0.0012
13.11.2023 06:44:10.499 GMT-0800,444.994,444.656,0.0012,0.0012
13.11.2023 06:44:10.600 GMT-0800,444.884,444.586,0.0012,0.0012
13.11.2023 06:44:10.701 GMT-0800,445.00300000000004,444.537,0.0012,0.0012
13.11.2023 06:44:10.783 GMT-0800,445.004,444.566,0.0012,0.0012
13.11.2023 06:44:10.991 GMT-0800,444.653,444.49699999999996,0.0012,0.0012
13.11.2023 06:44:11.042 GMT-0800,444.654,444.486,0.0012,0.0012
13.11.2023 06:44:11.092 GMT-0800,444.54300000000006,444.48699999999997,0.0012,0.0012
13.11.2023 06:44:11.143 GMT-0800,445.004,444.486,0.0012,0.0012
13.11.2023 06:44:14.387 GMT-0800,445.00300000000004,444.337,0.0012,0.0012
13.11.2023 06:44:15.967 GMT-0800,444.663,444.337,0.0012,0.0012
13.11.2023 06:44:16.018 GMT-0800,445.00300000000004,444.337,0.0012,0.0012
13.11.2023 06:44:16.389 GMT-0800,444.744,444.336,0.0012,0.0012
13.11.2023 06:44:16.541 GMT-0800,444.583,444.337,0.0012,0.0012
13.11.2023 06:44:16.732 GMT-0800,444.574,444.116,0.0012,0.0012
13.11.2023 06:44:16.782 GMT-0800,444.56300000000005,444.167,0.0012,0.0012
13.11.2023 06:44:16.841 GMT-0800,444.744,444.166,0.0012,0.0012
13.11.2023 06:44:17.209 GMT-0800,444.583,444.167,0.0012,0.0012
13.11.2023 06:44:20.183 GMT-0800,444.74300000000005,444.167,0.0012,0.0012
13.11.2023 06:44:20.509 GMT-0800,444.744,444.186,0.0012,0.0012
13.11.2023 06:44:20.677 GMT-0800,444.754,444.186,0.0012,0.0012
13.11.2023 06:44:21.531 GMT-0800,444.75300000000004,444.207,0.0012,0.0012
13.11.2023 06:44:22.907 GMT-0800,445.004,444.206,0.0012,0.0012
13.11.2023 06:44:25.281 GMT-0800,444.754,444.206,0.0012,0.0012
13.11.2023 06:44:25.331 GMT-0800,444.75300000000004,444.167,0.0012,0.0012
13.11.2023 06:44:25.382 GMT-0800,445.004,444.456,0.0012,0.0012
13.11.2023 06:44:25.719 GMT-0800,445.00300000000004,444.167,0.0012,0.0012
13.11.2023 06:44:27.329 GMT-0800,445.004,444.326,0.0012,0.0012
13.11.2023 06:44:28.718 GMT-0800,445.00300000000004,444.54699999999997,0.0012,0.0012
13.11.2023 06:44:29.048 GMT-0800,445.004,444.606,0.0012,0.0012
13.11.2023 06:44:31.638 GMT-0800,444.85400000000004,444.606,0.0012,0.0012
13.11.2023 06:44:34.743 GMT-0800,444.814,444.606,0.0012,0.0012
13.11.2023 06:44:37.530 GMT-0800,444.814,444.596,0.0012,0.0012
13.11.2023 06:44:39.165 GMT-0800,444.85300000000007,444.647,0.0012,0.0012
13.11.2023 06:44:39.479 GMT-0800,444.85400000000004,444.596,0.0012,0.0012
13.11.2023 06:44:43.305 GMT-0800,444.81300000000005,444.597,0.0012,0.0012
13.11.2023 06:44:43.421 GMT-0800,444.85300000000007,444.597,0.0012,0.0012
13.11.2023 06:44:43.472 GMT-0800,444.81300000000005,444.597,0.0012,0.0012
13.11.2023 06:44:43.566 GMT-0800,444.85400000000004,444.596,0.0012,0.0012
13.11.2023 06:44:44.373 GMT-0800,444.81300000000005,444.597,0.0012,0.0012
13.11.2023 06:44:44.524 GMT-0800,444.85400000000004,444.596,0.0012,0.0012
13.11.2023 06:44:46.681 GMT-0800,444.85300000000007,444.60699999999997,0.0012,0.0012
13.11.2023 06:44:46.938 GMT-0800,444.85400000000004,444.596,0.0012,0.0012
13.11.2023 06:44:49.685 GMT-0800,444.84400000000005,444.436,0.0012,0.0012
13.11.2023 06:44:50.162 GMT-0800,444.84400000000005,444.406,0.0012,0.0012
13.11.2023 06:44:52.873 GMT-0800,444.53400000000005,444.406,0.0012,0.0012
13.11.2023 06:44:52.924 GMT-0800,444.53400000000005,444.166,0.0012,0.0012
13.11.2023 06:44:53.150 GMT-0800,444.843,444.167,0.0012,0.0012
13.11.2023 06:44:56.665 GMT-0800,444.843,444.077,0.0012,0.0012
13.11.2023 06:44:56.736 GMT-0800,444.593,444.077,0.0012,0.0012
13.11.2023 06:44:59.406 GMT-0800,444.593,444.207,0.0012,0.0012
13.11.2023 06:44:59.456 GMT-0800,444.59400000000005,444.076,0.0012,0.0012
13.11.2023 06:45:03.811 GMT-0800,444.55300000000005,444.077,0.0012,0.0012
13.11.2023 06:45:09.925 GMT-0800,444.55400000000003,444.256,0.0012,0.0012
13.11.2023 06:45:10.910 GMT-0800,444.593,444.257,0.0012,0.0012
13.11.2023 06:45:11.012 GMT-0800,444.86300000000006,444.417,0.0012,0.0012
13.11.2023 06:45:11.063 GMT-0800,444.68300000000005,444.257,0.0012,0.0012
13.11.2023 06:45:11.781 GMT-0800,444.86300000000006,444.577,0.0012,0.0012
13.11.2023 06:45:12.146 GMT-0800,444.86400000000003,444.486,0.0012,0.0012
13.11.2023 06:45:12.196 GMT-0800,444.86400000000003,444.496,0.0012,0.0012
13.11.2023 06:45:15.063 GMT-0800,444.86400000000003,444.476,0.0012,0.0012
13.11.2023 06:45:22.008 GMT-0800,444.86400000000003,444.606,0.0012,0.0012
13.11.2023 06:45:42.389 GMT-0800,444.86300000000006,444.717,0.0012,0.0012
13.11.2023 06:45:44.245 GMT-0800,444.79400000000004,444.606,0.0012,0.0012
13.11.2023 06:45:44.579 GMT-0800,444.79300000000006,444.55699999999996,0.0012,0.0012
13.11.2023 06:45:44.630 GMT-0800,444.86300000000006,444.55699999999996,0.0012,0.0012
13.11.2023 06:45:44.680 GMT-0800,444.79400000000004,444.556,0.0012,0.0012
13.11.2023 06:45:44.898 GMT-0800,444.783,444.55699999999996,0.0012,0.0012
13.11.2023 06:45:45.023 GMT-0800,444.67400000000004,444.076,0.0012,0.0012
13.11.2023 06:45:45.077 GMT-0800,444.78400000000005,444.19599999999997,0.0012,0.0012
13.11.2023 06:45:45.720 GMT-0800,444.744,444.19599999999997,0.0012,0.0012
13.11.2023 06:45:46.040 GMT-0800,444.78400000000005,444.076,0.0012,0.0012
13.11.2023 06:45:48.707 GMT-0800,444.73300000000006,444.077,0.0012,0.0012
13.11.2023 06:45:48.882 GMT-0800,444.713,444.077,0.0012,0.0012
13.11.2023 06:45:48.933 GMT-0800,444.78400000000005,444.076,0.0012,0.0012
13.11.2023 06:45:56.882 GMT-0800,444.69300000000004,444.077,0.0012,0.0012
13.11.2023 06:45:58.908 GMT-0800,444.694,444.486,0.0012,0.0012
13.11.2023 06:46:02.669 GMT-0800,444.78400000000005,444.586,0.0012,0.0012
13.11.2023 06:46:03.031 GMT-0800,444.78400000000005,444.486,0.0012,0.0012
13.11.2023 06:46:03.353 GMT-0800,444.78400000000005,444.316,0.0012,0.0012
13.11.2023 06:46:05.619 GMT-0800,444.59400000000005,444.316,0.0012,0.0012
13.11.2023 06:46:05.737 GMT-0800,444.783,444.317,0.0012,0.0012
13.11.2023 06:46:06.050 GMT-0800,444.55300000000005,444.18699999999995,0.0012,0.0012
13.11.2023 06:46:06.158 GMT-0800,444.55400000000003,444.076,0.0012,0.0012
13.11.2023 06:46:06.259 GMT-0800,444.783,444.17699999999996,0.0012,0.0012
13.11.2023 06:46:07.980 GMT-0800,444.78400000000005,444.186,0.0012,0.0012
13.11.2023 06:46:09.901 GMT-0800,444.78400000000005,444.19599999999997,0.0012,0.0012
13.11.2023 06:46:10.373 GMT-0800,444.78400000000005,444.186,0.0012,0.0012
13.11.2023 06:46:17.606 GMT-0800,444.78400000000005,444.226,0.0012,0.0012
13.11.2023 06:46:18.373 GMT-0800,444.78400000000005,444.216,0.0012,0.0012
13.11.2023 06:46:18.424 GMT-0800,444.783,444.23699999999997,0.0012,0.0012
13.11.2023 06:46:20.091 GMT-0800,444.564,444.236,0.0012,0.0012
13.11.2023 06:46:20.192 GMT-0800,444.783,444.287,0.0012,0.0012
13.11.2023 06:46:20.248 GMT-0800,444.783,444.277,0.0012,0.0012
13.11.2023 06:46:22.304 GMT-0800,444.78400000000005,444.306,0.0012,0.0012
13.11.2023 06:46:26.793 GMT-0800,444.78400000000005,444.296,0.0012,0.0012
13.11.2023 06:46:26.844 GMT-0800,444.783,444.137,0.0012,0.0012
13.11.2023 06:46:27.391 GMT-0800,444.783,444.197,0.0012,0.0012
13.11.2023 06:46:27.446 GMT-0800,444.783,444.137,0.0012,0.0012
13.11.2023 06:46:27.497 GMT-0800,444.783,444.18699999999995,0.0012,0.0012
13.11.2023 06:46:28.042 GMT-0800,444.783,444.197,0.0012,0.0012
13.11.2023 06:46:28.914 GMT-0800,444.75300000000004,444.197,0.0012,0.0012
13.11.2023 06:46:29.399 GMT-0800,444.783,444.197,0.0012,0.0012
13.11.2023 06:46:29.450 GMT-0800,444.684,444.19599999999997,0.0012,0.0012
13.11.2023 06:46:31.272 GMT-0800,444.684,444.186,0.0012,0.0012
13.11.2023 06:46:33.471 GMT-0800,444.68300000000005,444.227,0.0012,0.0012
13.11.2023 06:46:33.644 GMT-0800,444.333,443.99699999999996,0.0012,0.0012
13.11.2023 06:46:33.895 GMT-0800,444.42300000000006,444.197,0.0012,0.0012
13.11.2023 06:46:35.107 GMT-0800,444.28400000000005,443.996,0.0012,0.0012
13.11.2023 06:46:35.271 GMT-0800,444.783,443.99699999999996,0.0012,0.0012
13.11.2023 06:46:35.325 GMT-0800,444.68300000000005,443.99699999999996,0.0012,0.0012
13.11.2023 06:46:37.397 GMT-0800,444.494,443.996,0.0012,0.0012
13.11.2023 06:46:39.611 GMT-0800,444.494,444.156,0.0012,0.0012
13.11.2023 06:46:39.783 GMT-0800,444.49300000000005,443.99699999999996,0.0012,0.0012
13.11.2023 06:46:47.404 GMT-0800,444.49300000000005,444.027,0.0012,0.0012
13.11.2023 06:46:48.170 GMT-0800,444.28400000000005,444.026,0.0012,0.0012
13.11.2023 06:46:50.515 GMT-0800,444.244,444.026,0.0012,0.0012
13.11.2023 06:46:51.584 GMT-0800,444.223,444.027,0.0012,0.0012
13.11.2023 06:46:51.709 GMT-0800,444.214,444.026,0.0012,0.0012
13.11.2023 06:46:52.303 GMT-0800,444.194,444.026,0.0012,0.0012
13.11.2023 06:46:52.638 GMT-0800,444.18300000000005,444.027,0.0012,0.0012
13.11.2023 06:46:53.080 GMT-0800,444.17400000000004,444.026,0.0012,0.0012
13.11.2023 06:46:53.562 GMT-0800,444.454,444.026,0.0012,0.0012
13.11.2023 06:46:54.177 GMT-0800,444.394,444.026,0.0012,0.0012
13.11.2023 06:46:57.211 GMT-0800,444.394,443.996,0.0012,0.0012
13.11.2023 06:46:58.250 GMT-0800,444.16400000000004,443.996,0.0012,0.0012
13.11.2023 06:46:58.302 GMT-0800,444.394,443.996,0.0012,0.0012
13.11.2023 06:47:03.794 GMT-0800,444.16400000000004,443.996,0.0012,0.0012
13.11.2023 06:47:03.845 GMT-0800,444.394,443.996,0.0012,0.0012
13.11.2023 06:47:07.380 GMT-0800,444.334,443.996,0.0012,0.0012
13.11.2023 06:47:08.548 GMT-0800,444.333,443.947,0.0012,0.0012
13.11.2023 06:47:08.599 GMT-0800,444.14300000000003,443.93699999999995,0.0012,0.0012
13.11.2023 06:47:08.801 GMT-0800,444.333,443.93699999999995,0.0012,0.0012
13.11.2023 06:47:09.480 GMT-0800,444.144,443.776,0.0012,0.0012
13.11.2023 06:47:09.825 GMT-0800,444.334,443.776,0.0012,0.0012
13.11.2023 06:47:09.954 GMT-0800,444.333,443.887,0.0012,0.0012
13.11.2023 06:47:10.005 GMT-0800,444.334,443.776,0.0012,0.0012
13.11.2023 06:47:13.195 GMT-0800,444.333,443.977,0.0012,0.0012
13.11.2023 06:47:14.667 GMT-0800,444.333,444.017,0.0012,0.0012
13.11.2023 06:47:20.982 GMT-0800,444.30400000000003,444.016,0.0012,0.0012
13.11.2023 06:47:21.083 GMT-0800,444.29300000000006,444.017,0.0012,0.0012
13.11.2023 06:47:28.362 GMT-0800,444.333,444.017,0.0012,0.0012
13.11.2023 06:47:28.879 GMT-0800,444.30400000000003,444.016,0.0012,0.0012
13.11.2023 06:47:29.334 GMT-0800,444.333,444.017,0.0012,0.0012
13.11.2023 06:47:29.384 GMT-0800,444.29400000000004,444.016,0.0012,0.0012
13.11.2023 06:47:31.197 GMT-0800,444.334,444.016,0.0012,0.0012
13.11.2023 06:47:32.047 GMT-0800,444.18300000000005,443.87699999999995,0.0012,0.0012
13.11.2023 06:47:32.403 GMT-0800,444.333,443.87699999999995,0.0012,0.0012
13.11.2023 06:47:34.573 GMT-0800,444.334,443.88599999999997,0.0012,0.0012
13.11.2023 06:47:35.960 GMT-0800,444.223,443.887,0.0012,0.0012
13.11.2023 06:47:36.062 GMT-0800,444.334,443.88599999999997,0.0012,0.0012
13.11.2023 06:47:36.440 GMT-0800,444.223,443.887,0.0012,0.0012
13.11.2023 06:47:36.603 GMT-0800,444.334,443.88599999999997,0.0012,0.0012
13.11.2023 06:47:38.450 GMT-0800,444.22400000000005,443.88599999999997,0.0012,0.0012
13.11.2023 06:47:39.313 GMT-0800,444.334,443.88599999999997,0.0012,0.0012
13.11.2023 06:47:41.171 GMT-0800,444.10300000000007,443.887,0.0012,0.0012
13.11.2023 06:47:48.740 GMT-0800,443.973,443.777,0.0012,0.0012
13.11.2023 06:47:51.644 GMT-0800,444.04300000000006,443.887,0.0012,0.0012
13.11.2023 06:47:53.030 GMT-0800,444.333,443.887,0.0012,0.0012
13.11.2023 06:47:54.885 GMT-0800,444.124,443.88599999999997,0.0012,0.0012
13.11.2023 06:47:55.258 GMT-0800,444.13300000000004,443.887,0.0012,0.0012
13.11.2023 06:47:55.389 GMT-0800,444.10300000000007,443.887,0.0012,0.0012
13.11.2023 06:47:55.934 GMT-0800,444.13300000000004,443.887,0.0012,0.0012
13.11.2023 06:47:56.296 GMT-0800,444.11400000000003,443.88599999999997,0.0012,0.0012
13.11.2023 06:47:57.319 GMT-0800,444.10400000000004,443.88599999999997,0.0012,0.0012
13.11.2023 06:48:00.630 GMT-0800,444.09400000000005,443.88599999999997,0.0012,0.0012
13.11.2023 06:48:01.572 GMT-0800,444.333,443.887,0.0012,0.0012
13.11.2023 06:48:01.760 GMT-0800,444.084,443.88599999999997,0.0012,0.0012
13.11.2023 06:48:02.287 GMT-0800,444.333,443.887,0.0012,0.0012
13.11.2023 06:48:05.566 GMT-0800,444.084,443.88599999999997,0.0012,0.0012
13.11.2023 06:48:11.898 GMT-0800,444.23300000000006,443.887,0.0012,0.0012
13.11.2023 06:48:19.413 GMT-0800,444.10300000000007,443.887,0.0012,0.0012
13.11.2023 06:48:19.502 GMT-0800,444.23300000000006,443.887,0.0012,0.0012
13.11.2023 06:48:20.138 GMT-0800,444.333,444.11699999999996,0.0012,0.0012
13.11.2023 06:48:20.188 GMT-0800,444.254,443.88599999999997,0.0012,0.0012
13.11.2023 06:48:21.693 GMT-0800,444.254,444.026,0.0012,0.0012
13.11.2023 06:48:49.094 GMT-0800,444.32300000000004,444.027,0.0012,0.0012
13.11.2023 06:48:55.014 GMT-0800,444.333,444.027,0.0012,0.0012
13.11.2023 06:48:59.452 GMT-0800,444.30300000000005,444.027,0.0012,0.0012
13.11.2023 06:48:59.582 GMT-0800,444.16400000000004,443.88599999999997,0.0012,0.0012
13.11.2023 06:48:59.683 GMT-0800,444.124,443.916,0.0012,0.0012
13.11.2023 06:49:00.837 GMT-0800,444.11400000000003,443.916,0.0012,0.0012
13.11.2023 06:49:01.169 GMT-0800,444.31300000000005,443.917,0.0012,0.0012
13.11.2023 06:49:07.675 GMT-0800,444.10300000000007,443.917,0.0012,0.0012
13.11.2023 06:49:12.450 GMT-0800,444.254,443.916,0.0012,0.0012
13.11.2023 06:49:12.503 GMT-0800,444.244,443.916,0.0012,0.0012
13.11.2023 06:49:13.656 GMT-0800,444.13300000000004,443.917,0.0012,0.0012
13.11.2023 06:49:15.182 GMT-0800,444.04300000000006,443.74699999999996,0.0012,0.0012
13.11.2023 06:49:15.390 GMT-0800,444.04300000000006,443.817,0.0012,0.0012
13.11.2023 06:49:15.504 GMT-0800,444.04400000000004,443.826,0.0012,0.0012
13.11.2023 06:49:15.555 GMT-0800,444.04400000000004,443.816,0.0012,0.0012
13.11.2023 06:49:15.685 GMT-0800,444.04300000000006,443.827,0.0012,0.0012
13.11.2023 06:49:16.289 GMT-0800,443.94300000000004,443.74699999999996,0.0012,0.0012
13.11.2023 06:49:16.618 GMT-0800,444.04400000000004,443.746,0.0012,0.0012
13.11.2023 06:49:16.668 GMT-0800,443.94300000000004,443.74699999999996,0.0012,0.0012
13.11.2023 06:49:16.785 GMT-0800,444.04400000000004,443.746,0.0012,0.0012
13.11.2023 06:49:16.897 GMT-0800,443.94300000000004,443.74699999999996,0.0012,0.0012
13.11.2023 06:49:17.107 GMT-0800,444.04400000000004,443.746,0.0012,0.0012
13.11.2023 06:49:17.246 GMT-0800,443.94300000000004,443.74699999999996,0.0012,0.0012
13.11.2023 06:49:17.383 GMT-0800,444.04300000000006,443.74699999999996,0.0012,0.0012
13.11.2023 06:49:17.434 GMT-0800,443.944,443.746,0.0012,0.0012
13.11.2023 06:49:17.662 GMT-0800,444.04400000000004,443.746,0.0012,0.0012
13.11.2023 06:49:18.069 GMT-0800,443.94300000000004,443.74699999999996,0.0012,0.0012
13.11.2023 06:49:18.157 GMT-0800,444.04400000000004,443.746,0.0012,0.0012
13.11.2023 06:49:19.808 GMT-0800,443.843,443.657,0.0012,0.0012
13.11.2023 06:49:19.859 GMT-0800,444.04400000000004,443.516,0.0012,0.0012
13.11.2023 06:49:22.011 GMT-0800,443.73300000000006,443.517,0.0012,0.0012
13.11.2023 06:49:42.533 GMT-0800,443.92300000000006,443.61699999999996,0.0012,0.0012
13.11.2023 06:49:42.883 GMT-0800,443.92400000000004,443.516,0.0012,0.0012
13.11.2023 06:49:44.441 GMT-0800,443.884,443.63599999999997,0.0012,0.0012
13.11.2023 06:49:45.901 GMT-0800,443.87300000000005,443.637,0.0012,0.0012
13.11.2023 06:49:47.118 GMT-0800,443.754,443.63599999999997,0.0012,0.0012
13.11.2023 06:49:47.423 GMT-0800,443.744,443.63599999999997,0.0012,0.0012
13.11.2023 06:49:48.187 GMT-0800,443.74300000000005,443.517,0.0012,0.0012
13.11.2023 06:49:48.244 GMT-0800,443.754,443.516,0.0012,0.0012
13.11.2023 06:49:50.082 GMT-0800,443.67300000000006,443.517,0.0012,0.0012
13.11.2023 06:49:50.183 GMT-0800,443.66400000000004,443.526,0.0012,0.0012
13.11.2023 06:49:50.234 GMT-0800,444.024,443.586,0.0012,0.0012
13.11.2023 06:49:50.547 GMT-0800,444.024,443.526,0.0012,0.0012
13.11.2023 06:49:51.190 GMT-0800,443.88300000000004,443.61699999999996,0.0012,0.0012
13.11.2023 06:49:51.240 GMT-0800,443.884,443.516,0.0012,0.0012
13.11.2023 06:49:51.397 GMT-0800,443.87300000000005,443.517,0.0012,0.0012
13.11.2023 06:49:52.138 GMT-0800,443.86300000000006,443.517,0.0012,0.0012
13.11.2023 06:49:54.211 GMT-0800,444.024,443.516,0.0012,0.0012
13.11.2023 06:49:55.000 GMT-0800,444.024,443.536,0.0012,0.0012
13.11.2023 06:50:01.776 GMT-0800,443.85400000000004,443.536,0.0012,0.0012
13.11.2023 06:50:02.044 GMT-0800,443.84400000000005,443.536,0.0012,0.0012
13.11.2023 06:50:03.113 GMT-0800,443.834,443.536,0.0012,0.0012
13.11.2023 06:50:03.214 GMT-0800,443.80400000000003,443.536,0.0012,0.0012
13.11.2023 06:50:04.003 GMT-0800,443.773,443.537,0.0012,0.0012
13.11.2023 06:50:04.114 GMT-0800,443.764,443.536,0.0012,0.0012
13.11.2023 06:50:05.526 GMT-0800,444.024,443.646,0.0012,0.0012
13.11.2023 06:50:05.577 GMT-0800,443.904,443.536,0.0012,0.0012
13.11.2023 06:50:07.448 GMT-0800,443.903,443.62699999999995,0.0012,0.0012
13.11.2023 06:50:10.125 GMT-0800,444.04400000000004,443.876,0.0012,0.0012
13.11.2023 06:50:10.176 GMT-0800,444.26300000000003,443.62699999999995,0.0012,0.0012
13.11.2023 06:50:10.485 GMT-0800,444.264,443.88599999999997,0.0012,0.0012
13.11.2023 06:50:11.408 GMT-0800,444.194,443.856,0.0012,0.0012
13.11.2023 06:50:11.465 GMT-0800,444.26300000000003,443.85699999999997,0.0012,0.0012
13.11.2023 06:50:11.515 GMT-0800,444.213,443.85699999999997,0.0012,0.0012
13.11.2023 06:50:13.137 GMT-0800,444.17300000000006,443.717,0.0012,0.0012
13.11.2023 06:50:13.226 GMT-0800,444.154,443.726,0.0012,0.0012
13.11.2023 06:50:13.285 GMT-0800,444.144,443.706,0.0012,0.0012
13.11.2023 06:50:13.336 GMT-0800,444.10300000000007,443.717,0.0012,0.0012
13.11.2023 06:50:13.471 GMT-0800,444.26300000000003,443.717,0.0012,0.0012
13.11.2023 06:50:13.526 GMT-0800,444.11300000000006,443.717,0.0012,0.0012
13.11.2023 06:50:14.111 GMT-0800,444.093,443.717,0.0012,0.0012
13.11.2023 06:50:14.298 GMT-0800,444.093,443.727,0.0012,0.0012
13.11.2023 06:50:14.470 GMT-0800,444.084,443.726,0.0012,0.0012
13.11.2023 06:50:16.445 GMT-0800,444.083,443.74699999999996,0.0012,0.0012
13.11.2023 06:50:24.106 GMT-0800,444.083,443.757,0.0012,0.0012
13.11.2023 06:50:25.767 GMT-0800,444.083,443.62699999999995,0.0012,0.0012
13.11.2023 06:50:31.809 GMT-0800,444.26300000000003,443.767,0.0012,0.0012
13.11.2023 06:50:31.876 GMT-0800,444.04400000000004,443.776,0.0012,0.0012
13.11.2023 06:50:34.094 GMT-0800,444.264,443.906,0.0012,0.0012
13.11.2023 06:50:34.195 GMT-0800,444.30400000000003,443.906,0.0012,0.0012
13.11.2023 06:50:34.312 GMT-0800,444.36400000000003,443.916,0.0012,0.0012
13.11.2023 06:50:34.972 GMT-0800,444.36400000000003,444.056,0.0012,0.0012
13.11.2023 06:50:44.593 GMT-0800,444.36400000000003,444.046,0.0012,0.0012
13.11.2023 06:50:44.644 GMT-0800,444.36300000000006,443.907,0.0012,0.0012
13.11.2023 06:50:45.867 GMT-0800,444.36300000000006,443.87699999999995,0.0012,0.0012
13.11.2023 06:50:45.935 GMT-0800,444.22400000000005,443.876,0.0012,0.0012
13.11.2023 06:50:46.079 GMT-0800,444.204,443.876,0.0012,0.0012
13.11.2023 06:50:46.184 GMT-0800,444.19300000000004,443.87699999999995,0.0012,0.0012
13.11.2023 06:50:46.567 GMT-0800,444.184,443.876,0.0012,0.0012
13.11.2023 06:50:48.202 GMT-0800,444.17300000000006,443.837,0.0012,0.0012
13.11.2023 06:50:48.629 GMT-0800,444.36300000000006,443.837,0.0012,0.0012
13.11.2023 06:50:49.030 GMT-0800,444.36300000000006,443.767,0.0012,0.0012
13.11.2023 06:50:49.445 GMT-0800,443.963,443.767,0.0012,0.0012
13.11.2023 06:50:52.797 GMT-0800,443.964,443.646,0.0012,0.0012
13.11.2023 06:50:52.903 GMT-0800,443.84400000000005,443.646,0.0012,0.0012
13.11.2023 06:50:52.964 GMT-0800,444.34400000000005,443.646,0.0012,0.0012
13.11.2023 06:50:53.065 GMT-0800,443.82300000000004,443.647,0.0012,0.0012
13.11.2023 06:50:54.807 GMT-0800,444.334,443.656,0.0012,0.0012
13.11.2023 06:50:57.787 GMT-0800,444.334,443.646,0.0012,0.0012
13.11.2023 06:51:05.292 GMT-0800,443.95300000000003,443.647,0.0012,0.0012
13.11.2023 06:51:05.630 GMT-0800,443.954,443.746,0.0012,0.0012
13.11.2023 06:51:08.291 GMT-0800,443.95300000000003,443.777,0.0012,0.0012
13.11.2023 06:51:08.943 GMT-0800,443.954,443.746,0.0012,0.0012
13.11.2023 06:51:08.994 GMT-0800,443.954,443.776,0.0012,0.0012
13.11.2023 06:51:09.177 GMT-0800,443.95300000000003,443.767,0.0012,0.0012
13.11.2023 06:51:11.310 GMT-0800,443.954,443.756,0.0012,0.0012
13.11.2023 06:51:11.886 GMT-0800,443.95300000000003,443.74699999999996,0.0012,0.0012
13.11.2023 06:51:16.341 GMT-0800,443.95300000000003,443.73699999999997,0.0012,0.0012
13.11.2023 06:51:16.541 GMT-0800,443.94300000000004,443.73699999999997,0.0012,0.0012
13.11.2023 06:51:16.766 GMT-0800,443.843,443.62699999999995,0.0012,0.0012
13.11.2023 06:51:16.817 GMT-0800,444.333,443.60699999999997,0.0012,0.0012
13.11.2023 06:51:17.060 GMT-0800,444.223,443.60699999999997,0.0012,0.0012
13.11.2023 06:51:20.613 GMT-0800,443.91400000000004,443.606,0.0012,0.0012
13.11.2023 06:51:21.010 GMT-0800,443.91400000000004,443.596,0.0012,0.0012
13.11.2023 06:51:21.061 GMT-0800,443.89300000000003,443.447,0.0012,0.0012
13.11.2023 06:51:21.111 GMT-0800,443.833,443.517,0.0012,0.0012
13.11.2023 06:51:21.212 GMT-0800,443.913,443.517,0.0012,0.0012
13.11.2023 06:51:21.263 GMT-0800,443.913,443.447,0.0012,0.0012
13.11.2023 06:51:22.621 GMT-0800,443.91400000000004,443.516,0.0012,0.0012
13.11.2023 06:51:23.920 GMT-0800,443.82300000000004,443.517,0.0012,0.0012
13.11.2023 06:51:24.478 GMT-0800,443.91400000000004,443.516,0.0012,0.0012
13.11.2023 06:51:26.269 GMT-0800,443.824,443.516,0.0012,0.0012
13.11.2023 06:51:31.251 GMT-0800,443.973,443.527,0.0012,0.0012
13.11.2023 06:51:34.213 GMT-0800,443.973,443.417,0.0012,0.0012
13.11.2023 06:51:37.244 GMT-0800,443.973,443.577,0.0012,0.0012
13.11.2023 06:51:42.065 GMT-0800,444.03400000000005,443.806,0.0012,0.0012
13.11.2023 06:51:42.116 GMT-0800,444.033,443.68699999999995,0.0012,0.0012
13.11.2023 06:51:47.090 GMT-0800,444.03400000000005,443.746,0.0012,0.0012
13.11.2023 06:51:51.691 GMT-0800,444.10300000000007,443.947,0.0012,0.0012
13.11.2023 06:51:51.742 GMT-0800,444.473,443.947,0.0012,0.0012
13.11.2023 06:51:51.804 GMT-0800,444.473,443.98699999999997,0.0012,0.0012
13.11.2023 06:51:54.577 GMT-0800,444.47400000000005,443.966,0.0012,0.0012
13.11.2023 06:52:04.223 GMT-0800,444.473,443.977,0.0012,0.0012
13.11.2023 06:52:04.364 GMT-0800,444.404,443.976,0.0012,0.0012
13.11.2023 06:52:07.211 GMT-0800,444.403,443.967,0.0012,0.0012
13.11.2023 06:52:07.702 GMT-0800,444.404,443.866,0.0012,0.0012
13.11.2023 06:52:12.722 GMT-0800,444.31300000000005,443.86699999999996,0.0012,0.0012
13.11.2023 06:52:13.097 GMT-0800,444.404,443.866,0.0012,0.0012
13.11.2023 06:52:14.064 GMT-0800,444.404,443.996,0.0012,0.0012
13.11.2023 06:52:28.811 GMT-0800,444.29400000000004,443.996,0.0012,0.0012
13.11.2023 06:52:28.889 GMT-0800,444.404,443.996,0.0012,0.0012
13.11.2023 06:52:29.117 GMT-0800,444.29300000000006,443.99699999999996,0.0012,0.0012
13.11.2023 06:52:29.168 GMT-0800,444.403,443.99699999999996,0.0012,0.0012
13.11.2023 06:52:34.683 GMT-0800,444.204,443.94599999999997,0.0012,0.0012
13.11.2023 06:52:34.733 GMT-0800,444.204,443.846,0.0012,0.0012
13.11.2023 06:52:35.030 GMT-0800,444.404,443.846,0.0012,0.0012
13.11.2023 06:52:36.560 GMT-0800,444.314,443.846,0.0012,0.0012
13.11.2023 06:52:38.174 GMT-0800,444.314,443.746,0.0012,0.0012
13.11.2023 06:52:40.392 GMT-0800,444.10300000000007,443.74699999999996,0.0012,0.0012
13.11.2023 06:52:43.395 GMT-0800,444.10300000000007,443.817,0.0012,0.0012
13.11.2023 06:52:49.971 GMT-0800,444.04300000000006,443.817,0.0012,0.0012
13.11.2023 06:52:50.361 GMT-0800,444.10400000000004,443.686,0.0012,0.0012
13.11.2023 06:52:55.983 GMT-0800,443.904,443.606,0.0012,0.0012
13.11.2023 06:52:56.093 GMT-0800,443.783,443.29699999999997,0.0012,0.0012
13.11.2023 06:52:57.560 GMT-0800,443.773,443.29699999999997,0.0012,0.0012
13.11.2023 06:52:57.685 GMT-0800,443.783,443.29699999999997,0.0012,0.0012
13.11.2023 06:52:57.765 GMT-0800,443.754,443.296,0.0012,0.0012
13.11.2023 06:52:57.903 GMT-0800,443.78400000000005,443.296,0.0012,0.0012
13.11.2023 06:53:15.911 GMT-0800,443.61300000000006,443.29699999999997,0.0012,0.0012
13.11.2023 06:53:17.092 GMT-0800,443.78400000000005,443.456,0.0012,0.0012
13.11.2023 06:53:17.192 GMT-0800,443.92300000000006,443.30699999999996,0.0012,0.0012
13.11.2023 06:53:17.394 GMT-0800,443.92300000000006,443.29699999999997,0.0012,0.0012
13.11.2023 06:53:18.379 GMT-0800,443.714,443.296,0.0012,0.0012
13.11.2023 06:53:24.791 GMT-0800,443.70300000000003,443.29699999999997,0.0012,0.0012
13.11.2023 06:53:32.159 GMT-0800,443.644,443.296,0.0012,0.0012
13.11.2023 06:53:32.282 GMT-0800,443.63300000000004,443.29699999999997,0.0012,0.0012
13.11.2023 06:53:32.396 GMT-0800,443.903,443.29699999999997,0.0012,0.0012
13.11.2023 06:53:32.493 GMT-0800,443.62300000000005,443.29699999999997,0.0012,0.0012
13.11.2023 06:53:32.739 GMT-0800,443.59400000000005,443.246,0.0012,0.0012
13.11.2023 06:53:32.790 GMT-0800,443.68300000000005,443.24699999999996,0.0012,0.0012
13.11.2023 06:53:33.088 GMT-0800,443.574,443.246,0.0012,0.0012
13.11.2023 06:53:36.807 GMT-0800,443.57300000000004,443.257,0.0012,0.0012
13.11.2023 06:53:36.858 GMT-0800,443.574,443.246,0.0012,0.0012
13.11.2023 06:53:36.916 GMT-0800,443.92400000000004,443.406,0.0012,0.0012
13.11.2023 06:53:36.967 GMT-0800,443.72400000000005,443.256,0.0012,0.0012
13.11.2023 06:53:37.565 GMT-0800,443.92400000000004,443.486,0.0012,0.0012
13.11.2023 06:53:37.918 GMT-0800,443.92400000000004,443.246,0.0012,0.0012
13.11.2023 06:53:41.987 GMT-0800,443.92400000000004,443.326,0.0012,0.0012
13.11.2023 06:53:43.727 GMT-0800,443.92400000000004,443.466,0.0012,0.0012
13.11.2023 06:53:47.386 GMT-0800,443.92300000000006,443.327,0.0012,0.0012
13.11.2023 06:53:48.936 GMT-0800,443.694,443.326,0.0012,0.0012
13.11.2023 06:53:55.846 GMT-0800,443.694,443.426,0.0012,0.0012
13.11.2023 06:54:04.557 GMT-0800,443.473,443.17699999999996,0.0012,0.0012
13.11.2023 06:54:04.608 GMT-0800,443.834,443.176,0.0012,0.0012
13.11.2023 06:54:04.658 GMT-0800,443.834,443.226,0.0012,0.0012
13.11.2023 06:54:08.503 GMT-0800,443.38300000000004,443.23699999999997,0.0012,0.0012
13.11.2023 06:54:09.679 GMT-0800,443.523,443.30699999999996,0.0012,0.0012
13.11.2023 06:54:10.021 GMT-0800,443.524,443.236,0.0012,0.0012
13.11.2023 06:54:11.535 GMT-0800,443.524,443.166,0.0012,0.0012
13.11.2023 06:54:12.485 GMT-0800,443.523,443.17699999999996,0.0012,0.0012
13.11.2023 06:54:12.607 GMT-0800,443.91400000000004,443.176,0.0012,0.0012
13.11.2023 06:54:14.060 GMT-0800,443.91400000000004,443.19599999999997,0.0012,0.0012
13.11.2023 06:54:15.320 GMT-0800,443.49300000000005,443.197,0.0012,0.0012
13.11.2023 06:54:18.692 GMT-0800,443.49300000000005,443.167,0.0012,0.0012
13.11.2023 06:54:18.988 GMT-0800,443.333,443.10699999999997,0.0012,0.0012
13.11.2023 06:54:19.132 GMT-0800,443.324,443.106,0.0012,0.0012
13.11.2023 06:54:21.316 GMT-0800,443.314,443.106,0.0012,0.0012
13.11.2023 06:54:21.935 GMT-0800,443.45300000000003,443.10699999999997,0.0012,0.0012
13.11.2023 06:54:24.021 GMT-0800,443.454,443.006,0.0012,0.0012
13.11.2023 06:54:26.899 GMT-0800,443.24300000000005,442.99699999999996,0.0012,0.0012
13.11.2023 06:54:30.105 GMT-0800,443.14300000000003,442.99699999999996,0.0012,0.0012
13.11.2023 06:54:33.894 GMT-0800,443.24300000000005,442.99699999999996,0.0012,0.0012
13.11.2023 06:54:42.570 GMT-0800,443.23400000000004,442.746,0.0012,0.0012
13.11.2023 06:54:42.621 GMT-0800,442.963,442.757,0.0012,0.0012
13.11.2023 06:54:42.671 GMT-0800,443.16400000000004,442.756,0.0012,0.0012
13.11.2023 06:54:42.722 GMT-0800,443.084,442.756,0.0012,0.0012
13.11.2023 06:54:42.803 GMT-0800,443.163,442.54699999999997,0.0012,0.0012
13.11.2023 06:54:42.854 GMT-0800,442.904,442.546,0.0012,0.0012
13.11.2023 06:54:43.013 GMT-0800,443.14300000000003,442.54699999999997,0.0012,0.0012
13.11.2023 06:54:43.121 GMT-0800,442.973,442.54699999999997,0.0012,0.0012
13.11.2023 06:54:43.172 GMT-0800,443.144,442.546,0.0012,0.0012
13.11.2023 06:54:45.227 GMT-0800,443.074,442.546,0.0012,0.0012
13.11.2023 06:54:45.750 GMT-0800,442.92400000000004,442.546,0.0012,0.0012
13.11.2023 06:54:45.804 GMT-0800,443.074,442.546,0.0012,0.0012
13.11.2023 06:54:45.989 GMT-0800,443.084,442.546,0.0012,0.0012
13.11.2023 06:54:46.531 GMT-0800,442.913,442.477,0.0012,0.0012
13.11.2023 06:54:46.615 GMT-0800,442.913,442.467,0.0012,0.0012
13.11.2023 06:54:46.716 GMT-0800,442.904,442.456,0.0012,0.0012
13.11.2023 06:54:46.787 GMT-0800,443.084,442.456,0.0012,0.0012
13.11.2023 06:54:47.003 GMT-0800,443.083,442.507,0.0012,0.0012
13.11.2023 06:54:47.104 GMT-0800,442.89300000000003,442.507,0.0012,0.0012
13.11.2023 06:54:47.205 GMT-0800,443.07300000000004,442.507,0.0012,0.0012
13.11.2023 06:54:47.268 GMT-0800,443.074,442.496,0.0012,0.0012
13.11.2023 06:54:47.477 GMT-0800,442.87300000000005,442.49699999999996,0.0012,0.0012
13.11.2023 06:54:47.527 GMT-0800,443.07300000000004,442.49699999999996,0.0012,0.0012
13.11.2023 06:54:47.604 GMT-0800,442.843,442.49699999999996,0.0012,0.0012
13.11.2023 06:54:48.454 GMT-0800,443.074,442.496,0.0012,0.0012
13.11.2023 06:54:48.504 GMT-0800,442.834,442.496,0.0012,0.0012
13.11.2023 06:54:49.428 GMT-0800,443.07300000000004,442.49699999999996,0.0012,0.0012
13.11.2023 06:54:53.535 GMT-0800,443.074,442.486,0.0012,0.0012
13.11.2023 06:54:54.201 GMT-0800,443.07300000000004,442.527,0.0012,0.0012
13.11.2023 06:54:55.395 GMT-0800,443.334,442.536,0.0012,0.0012
13.11.2023 06:54:58.428 GMT-0800,443.333,442.43699999999995,0.0012,0.0012
13.11.2023 06:55:03.865 GMT-0800,443.07300000000004,442.43699999999995,0.0012,0.0012
13.11.2023 06:55:04.064 GMT-0800,442.954,442.436,0.0012,0.0012
13.11.2023 06:55:04.141 GMT-0800,443.074,442.436,0.0012,0.0012
13.11.2023 06:55:04.242 GMT-0800,443.333,442.447,0.0012,0.0012
13.11.2023 06:55:04.376 GMT-0800,443.334,442.506,0.0012,0.0012
13.11.2023 06:55:04.533 GMT-0800,443.334,442.44599999999997,0.0012,0.0012
13.11.2023 06:55:04.583 GMT-0800,443.31300000000005,442.517,0.0012,0.0012
13.11.2023 06:55:04.881 GMT-0800,442.944,442.526,0.0012,0.0012
13.11.2023 06:55:05.854 GMT-0800,442.94300000000004,442.61699999999996,0.0012,0.0012
13.11.2023 06:55:06.229 GMT-0800,443.31300000000005,442.61699999999996,0.0012,0.0012
13.11.2023 06:55:07.079 GMT-0800,443.264,442.616,0.0012,0.0012
13.11.2023 06:55:08.040 GMT-0800,443.17300000000006,442.61699999999996,0.0012,0.0012
13.11.2023 06:55:08.253 GMT-0800,443.144,442.616,0.0012,0.0012
13.11.2023 06:55:11.223 GMT-0800,443.154,442.616,0.0012,0.0012
13.11.2023 06:55:20.225 GMT-0800,443.19300000000004,442.817,0.0012,0.0012
13.11.2023 06:55:20.276 GMT-0800,443.194,442.616,0.0012,0.0012
13.11.2023 06:55:20.580 GMT-0800,443.16400000000004,442.616,0.0012,0.0012
13.11.2023 06:55:21.867 GMT-0800,443.04300000000006,442.61699999999996,0.0012,0.0012
13.11.2023 06:55:21.947 GMT-0800,443.19300000000004,442.61699999999996,0.0012,0.0012
13.11.2023 06:55:25.566 GMT-0800,443.19300000000004,442.62699999999995,0.0012,0.0012
13.11.2023 06:55:25.770 GMT-0800,443.11400000000003,442.626,0.0012,0.0012
13.11.2023 06:55:26.300 GMT-0800,443.333,442.87699999999995,0.0012,0.0012
13.11.2023 06:55:26.350 GMT-0800,443.523,442.87699999999995,0.0012,0.0012
13.11.2023 06:55:27.321 GMT-0800,443.524,442.866,0.0012,0.0012
13.11.2023 06:55:50.500 GMT-0800,443.524,443.166,0.0012,0.0012
13.11.2023 06:55:50.550 GMT-0800,443.524,442.906,0.0012,0.0012
13.11.2023 06:55:51.731 GMT-0800,443.523,442.93699999999995,0.0012,0.0012
13.11.2023 06:55:55.172 GMT-0800,443.523,442.907,0.0012,0.0012
13.11.2023 06:55:56.613 GMT-0800,443.524,443.096,0.0012,0.0012
13.11.2023 06:56:05.165 GMT-0800,443.524,443.086,0.0012,0.0012
13.11.2023 06:56:05.223 GMT-0800,443.523,442.907,0.0012,0.0012
13.11.2023 06:56:07.271 GMT-0800,443.403,442.907,0.0012,0.0012
13.11.2023 06:56:08.124 GMT-0800,443.39300000000003,442.907,0.0012,0.0012
13.11.2023 06:56:08.300 GMT-0800,443.42400000000004,442.906,0.0012,0.0012
13.11.2023 06:56:08.351 GMT-0800,443.404,442.906,0.0012,0.0012
13.11.2023 06:56:08.887 GMT-0800,443.394,442.906,0.0012,0.0012
13.11.2023 06:56:09.434 GMT-0800,443.41400000000004,442.906,0.0012,0.0012
13.11.2023 06:56:09.618 GMT-0800,443.523,442.907,0.0012,0.0012
13.11.2023 06:56:10.751 GMT-0800,443.523,443.077,0.0012,0.0012
13.11.2023 06:56:11.138 GMT-0800,443.523,443.087,0.0012,0.0012
13.11.2023 06:56:11.189 GMT-0800,443.98300000000006,443.087,0.0012,0.0012
13.11.2023 06:56:11.361 GMT-0800,443.964,443.086,0.0012,0.0012
13.11.2023 06:56:12.152 GMT-0800,444.093,443.29699999999997,0.0012,0.0012
13.11.2023 06:56:13.155 GMT-0800,444.10400000000004,443.296,0.0012,0.0012
13.11.2023 06:56:13.374 GMT-0800,444.10400000000004,443.116,0.0012,0.0012
13.11.2023 06:56:14.984 GMT-0800,444.10300000000007,443.077,0.0012,0.0012
13.11.2023 06:56:15.259 GMT-0800,444.10400000000004,443.296,0.0012,0.0012
13.11.2023 06:56:38.860 GMT-0800,443.93300000000005,443.29699999999997,0.0012,0.0012
13.11.2023 06:56:42.683 GMT-0800,443.564,443.296,0.0012,0.0012
13.11.2023 06:56:42.733 GMT-0800,443.93300000000005,443.29699999999997,0.0012,0.0012
13.11.2023 06:56:42.796 GMT-0800,443.963,443.29699999999997,0.0012,0.0012
13.11.2023 06:56:43.046 GMT-0800,443.874,443.296,0.0012,0.0012
13.11.2023 06:56:47.933 GMT-0800,443.48400000000004,443.296,0.0012,0.0012
13.11.2023 06:56:47.983 GMT-0800,443.87300000000005,443.29699999999997,0.0012,0.0012
13.11.2023 06:56:48.034 GMT-0800,443.834,443.296,0.0012,0.0012
13.11.2023 06:56:48.136 GMT-0800,443.47400000000005,443.296,0.0012,0.0012
13.11.2023 06:56:48.332 GMT-0800,443.394,443.186,0.0012,0.0012
13.11.2023 06:56:48.383 GMT-0800,443.334,443.186,0.0012,0.0012
13.11.2023 06:56:49.653 GMT-0800,443.264,443.096,0.0012,0.0012
13.11.2023 06:56:49.704 GMT-0800,443.334,443.186,0.0012,0.0012
13.11.2023 06:56:50.105 GMT-0800,443.26300000000003,443.097,0.0012,0.0012
13.11.2023 06:56:51.074 GMT-0800,443.23400000000004,442.906,0.0012,0.0012
13.11.2023 06:56:51.131 GMT-0800,443.653,442.907,0.0012,0.0012
13.11.2023 06:56:51.425 GMT-0800,443.54300000000006,442.907,0.0012,0.0012
13.11.2023 06:56:53.766 GMT-0800,443.37300000000005,442.907,0.0012,0.0012
13.11.2023 06:56:56.164 GMT-0800,443.374,442.996,0.0012,0.0012
13.11.2023 06:57:04.526 GMT-0800,443.50300000000004,442.99699999999996,0.0012,0.0012
13.11.2023 06:57:05.389 GMT-0800,443.50300000000004,442.907,0.0012,0.0012
13.11.2023 06:57:05.627 GMT-0800,443.214,442.876,0.0012,0.0012
13.11.2023 06:57:05.937 GMT-0800,443.50300000000004,442.87699999999995,0.0012,0.0012
13.11.2023 06:57:07.452 GMT-0800,443.454,442.876,0.0012,0.0012
13.11.2023 06:57:09.178 GMT-0800,443.464,442.876,0.0012,0.0012
13.11.2023 06:57:15.230 GMT-0800,443.50300000000004,442.967,0.0012,0.0012
13.11.2023 06:57:15.281 GMT-0800,443.50300000000004,442.887,0.0012,0.0012
13.11.2023 06:57:15.421 GMT-0800,443.504,443.13599999999997,0.0012,0.0012
13.11.2023 06:57:16.784 GMT-0800,443.38300000000004,443.137,0.0012,0.0012
13.11.2023 06:57:16.898 GMT-0800,443.26300000000003,443.137,0.0012,0.0012
13.11.2023 06:57:16.949 GMT-0800,443.23300000000006,442.887,0.0012,0.0012
13.11.2023 06:57:18.251 GMT-0800,443.38300000000004,442.79699999999997,0.0012,0.0012
13.11.2023 06:57:26.445 GMT-0800,443.384,442.906,0.0012,0.0012
13.11.2023 06:57:26.976 GMT-0800,443.384,442.926,0.0012,0.0012
13.11.2023 06:57:35.085 GMT-0800,443.384,443.146,0.0012,0.0012
13.11.2023 06:57:39.939 GMT-0800,443.38300000000004,442.92699999999996,0.0012,0.0012
13.11.2023 06:57:54.120 GMT-0800,443.384,443.066,0.0012,0.0012
13.11.2023 06:57:57.546 GMT-0800,443.504,443.216,0.0012,0.0012
13.11.2023 06:57:59.165 GMT-0800,443.42300000000006,443.227,0.0012,0.0012
13.11.2023 06:57:59.486 GMT-0800,443.504,443.226,0.0012,0.0012
13.11.2023 06:58:00.450 GMT-0800,443.50300000000004,442.92699999999996,0.0012,0.0012
13.11.2023 06:58:00.944 GMT-0800,443.50300000000004,443.227,0.0012,0.0012
13.11.2023 06:58:01.100 GMT-0800,443.504,443.13599999999997,0.0012,0.0012
13.11.2023 06:58:01.845 GMT-0800,443.39300000000003,443.137,0.0012,0.0012
13.11.2023 06:58:05.273 GMT-0800,443.39300000000003,442.92699999999996,0.0012,0.0012
13.11.2023 06:58:05.323 GMT-0800,443.39300000000003,442.947,0.0012,0.0012
13.11.2023 06:58:05.693 GMT-0800,443.394,443.066,0.0012,0.0012
13.11.2023 06:58:07.338 GMT-0800,443.50300000000004,443.227,0.0012,0.0012
13.11.2023 06:58:07.389 GMT-0800,443.69300000000004,443.147,0.0012,0.0012
13.11.2023 06:58:12.575 GMT-0800,443.694,443.296,0.0012,0.0012
13.11.2023 06:58:19.610 GMT-0800,443.694,443.356,0.0012,0.0012
13.11.2023 06:58:20.217 GMT-0800,443.69300000000004,443.397,0.0012,0.0012
13.11.2023 06:58:28.666 GMT-0800,443.55400000000003,443.316,0.0012,0.0012
13.11.2023 06:58:29.162 GMT-0800,443.69300000000004,443.317,0.0012,0.0012
13.11.2023 06:58:29.564 GMT-0800,443.54300000000006,443.317,0.0012,0.0012
13.11.2023 06:58:30.242 GMT-0800,443.69300000000004,443.317,0.0012,0.0012
13.11.2023 06:58:30.293 GMT-0800,443.54400000000004,443.316,0.0012,0.0012
13.11.2023 06:58:30.517 GMT-0800,443.694,443.316,0.0012,0.0012
13.11.2023 06:58:30.567 GMT-0800,443.54400000000004,443.316,0.0012,0.0012
13.11.2023 06:58:31.273 GMT-0800,443.694,443.316,0.0012,0.0012
13.11.2023 06:58:35.563 GMT-0800,443.694,443.426,0.0012,0.0012
13.11.2023 06:58:35.614 GMT-0800,443.694,443.336,0.0012,0.0012
13.11.2023 06:58:41.370 GMT-0800,443.70300000000003,443.337,0.0012,0.0012
13.11.2023 06:58:51.087 GMT-0800,443.704,443.316,0.0012,0.0012
13.11.2023 06:58:51.254 GMT-0800,443.70300000000003,443.327,0.0012,0.0012
13.11.2023 06:59:03.308 GMT-0800,443.653,443.327,0.0012,0.0012
13.11.2023 06:59:03.883 GMT-0800,443.653,443.197,0.0012,0.0012
13.11.2023 06:59:04.197 GMT-0800,443.51300000000003,443.197,0.0012,0.0012
13.11.2023 06:59:04.448 GMT-0800,443.654,443.19599999999997,0.0012,0.0012
13.11.2023 06:59:04.606 GMT-0800,443.514,443.19599999999997,0.0012,0.0012
13.11.2023 06:59:04.656 GMT-0800,443.653,443.197,0.0012,0.0012
13.11.2023 06:59:06.871 GMT-0800,443.653,443.147,0.0012,0.0012
13.11.2023 06:59:07.077 GMT-0800,443.654,443.19599999999997,0.0012,0.0012
13.11.2023 06:59:08.134 GMT-0800,443.654,443.186,0.0012,0.0012
13.11.2023 06:59:08.859 GMT-0800,443.653,443.197,0.0012,0.0012
13.11.2023 06:59:10.802 GMT-0800,443.654,443.206,0.0012,0.0012
13.11.2023 06:59:11.553 GMT-0800,443.653,443.197,0.0012,0.0012
13.11.2023 06:59:11.604 GMT-0800,443.653,443.207,0.0012,0.0012
13.11.2023 06:59:11.856 GMT-0800,443.654,443.19599999999997,0.0012,0.0012
13.11.2023 06:59:11.906 GMT-0800,443.653,443.207,0.0012,0.0012
13.11.2023 06:59:12.418 GMT-0800,443.434,443.146,0.0012,0.0012
13.11.2023 06:59:12.776 GMT-0800,443.653,443.147,0.0012,0.0012
13.11.2023 06:59:24.466 GMT-0800,443.653,443.037,0.0012,0.0012
13.11.2023 06:59:25.580 GMT-0800,443.403,443.037,0.0012,0.0012
13.11.2023 06:59:25.631 GMT-0800,443.404,442.926,0.0012,0.0012
13.11.2023 06:59:26.021 GMT-0800,443.204,442.926,0.0012,0.0012
13.11.2023 06:59:26.147 GMT-0800,443.404,442.926,0.0012,0.0012
13.11.2023 06:59:26.266 GMT-0800,443.20300000000003,442.92699999999996,0.0012,0.0012
13.11.2023 06:59:26.368 GMT-0800,443.403,442.92699999999996,0.0012,0.0012
13.11.2023 06:59:26.968 GMT-0800,443.20300000000003,442.92699999999996,0.0012,0.0012
13.11.2023 06:59:27.122 GMT-0800,443.19300000000004,442.92699999999996,0.0012,0.0012
13.11.2023 06:59:27.287 GMT-0800,443.404,442.926,0.0012,0.0012
13.11.2023 06:59:27.483 GMT-0800,443.194,442.926,0.0012,0.0012
13.11.2023 06:59:27.695 GMT-0800,443.404,442.926,0.0012,0.0012
13.11.2023 06:59:28.377 GMT-0800,443.20300000000003,442.92699999999996,0.0012,0.0012
13.11.2023 06:59:28.639 GMT-0800,443.19300000000004,442.92699999999996,0.0012,0.0012
13.11.2023 06:59:28.777 GMT-0800,443.204,442.926,0.0012,0.0012
13.11.2023 06:59:29.037 GMT-0800,443.19300000000004,442.92699999999996,0.0012,0.0012
13.11.2023 06:59:29.176 GMT-0800,443.204,442.926,0.0012,0.0012
13.11.2023 06:59:29.687 GMT-0800,443.194,442.926,0.0012,0.0012
13.11.2023 06:59:29.801 GMT-0800,443.20300000000003,442.92699999999996,0.0012,0.0012
13.11.2023 06:59:29.851 GMT-0800,443.194,442.926,0.0012,0.0012
13.11.2023 06:59:29.989 GMT-0800,443.20300000000003,442.92699999999996,0.0012,0.0012
