Local time,Ask,Bid,AskVolume,BidVolume
13.11.2023 06:30:01.511 GMT-0800,113.544,112.896,0.0132,0.0132
13.11.2023 06:30:02.332 GMT-0800,113.024,112.35600000000001,0.0009,0.0132
13.11.2023 06:30:06.271 GMT-0800,113.514,112.816,0.0132,0.0112
13.11.2023 06:30:06.974 GMT-0800,113.684,112.82600000000001,0.0132,0.0132
13.11.2023 06:30:07.333 GMT-0800,113.68299999999999,112.81700000000001,0.0132,0.0132
13.11.2023 06:30:07.788 GMT-0800,113.253,112.81700000000001,0.0009,0.0112
13.11.2023 06:30:07.839 GMT-0800,113.254,112.816,0.0132,0.0132
13.11.2023 06:30:10.511 GMT-0800,113.244,112.816,0.0009,0.0132
13.11.2023 06:30:10.612 GMT-0800,113.134,112.816,0.0132,0.0132
13.11.2023 06:30:11.135 GMT-0800,113.134,112.816,0.0132,0.0112
13.11.2023 06:30:13.665 GMT-0800,113.12299999999999,113.007,0.0009,0.0132
13.11.2023 06:30:14.240 GMT-0800,113.12299999999999,112.95700000000001,0.0132,0.0132
13.11.2023 06:30:15.981 GMT-0800,113.113,112.95700000000001,0.0009,0.0132
13.11.2023 06:30:16.123 GMT-0800,113.113,112.95700000000001,0.0132,0.0112
13.11.2023 06:30:16.549 GMT-0800,113.12299999999999,112.99700000000001,0.0132,0.0132
13.11.2023 06:30:16.716 GMT-0800,113.133,112.99700000000001,0.0132,0.0132
13.11.2023 06:30:18.558 GMT-0800,113.114,112.99600000000001,0.0009,0.0132
13.11.2023 06:30:24.590 GMT-0800,113.103,112.99700000000001,0.0009,0.0132
13.11.2023 06:30:25.582 GMT-0800,113.133,112.99700000000001,0.0132,0.0132
13.11.2023 06:30:25.683 GMT-0800,113.234,112.99600000000001,0.0132,0.0132
13.11.2023 06:30:26.319 GMT-0800,113.234,113.016,0.0132,0.0132
13.11.2023 06:30:26.508 GMT-0800,113.23299999999999,113.01700000000001,0.0132,0.0112
13.11.2023 06:30:26.717 GMT-0800,113.23299999999999,113.037,0.009,0.0112
13.11.2023 06:30:26.767 GMT-0800,113.254,113.07600000000001,0.0132,0.0132
13.11.2023 06:30:26.994 GMT-0800,113.244,112.99600000000001,0.0132,0.0132
13.11.2023 06:30:27.050 GMT-0800,113.224,112.99600000000001,0.0009,0.0132
13.11.2023 06:30:28.684 GMT-0800,113.193,112.99700000000001,0.0132,0.0132
13.11.2023 06:30:29.184 GMT-0800,113.173,112.99700000000001,0.0009,0.0132
13.11.2023 06:30:29.393 GMT-0800,113.173,112.99700000000001,0.0132,0.0112
13.11.2023 06:30:29.444 GMT-0800,113.254,113.016,0.0132,0.0132
13.11.2023 06:30:32.378 GMT-0800,113.254,113.016,0.0132,0.0112
13.11.2023 06:30:34.047 GMT-0800,113.243,113.06700000000001,0.0009,0.0132
13.11.2023 06:30:35.636 GMT-0800,113.163,113.06700000000001,0.0009,0.0132
13.11.2023 06:30:36.906 GMT-0800,113.114,113.066,0.0009,0.009
13.11.2023 06:30:36.957 GMT-0800,113.06299999999999,112.99700000000001,0.0009,0.009
13.11.2023 06:30:37.008 GMT-0800,113.114,112.866,0.0132,0.0132
13.11.2023 06:30:40.005 GMT-0800,113.033,112.867,0.0009,0.0132
13.11.2023 06:30:40.055 GMT-0800,113.054,112.816,0.0132,0.0132
13.11.2023 06:30:40.547 GMT-0800,113.053,112.81700000000001,0.0132,0.0112
13.11.2023 06:30:41.061 GMT-0800,113.154,112.896,0.0132,0.0132
13.11.2023 06:30:42.712 GMT-0800,113.15299999999999,112.95700000000001,0.0132,0.0132
13.11.2023 06:30:45.439 GMT-0800,113.143,112.95700000000001,0.0009,0.0132
13.11.2023 06:30:45.490 GMT-0800,113.124,112.896,0.0132,0.0132
13.11.2023 06:30:46.303 GMT-0800,113.144,112.956,0.0132,0.0132
13.11.2023 06:30:46.427 GMT-0800,113.164,112.816,0.0132,0.0132
13.11.2023 06:30:46.478 GMT-0800,113.163,112.99700000000001,0.0132,0.0132
13.11.2023 06:30:55.131 GMT-0800,113.15299999999999,112.99700000000001,0.0009,0.009
13.11.2023 06:30:55.182 GMT-0800,113.154,112.91600000000001,0.0132,0.0132
13.11.2023 06:30:56.164 GMT-0800,113.164,112.91600000000001,0.0132,0.0132
13.11.2023 06:30:56.466 GMT-0800,113.163,112.977,0.0132,0.0132
13.11.2023 06:31:08.799 GMT-0800,113.164,112.976,0.0132,0.0112
13.11.2023 06:31:11.177 GMT-0800,113.163,113.037,0.0132,0.0132
13.11.2023 06:31:11.576 GMT-0800,113.164,113.036,0.0132,0.0112
13.11.2023 06:31:11.627 GMT-0800,113.164,113.036,0.0132,0.0132
13.11.2023 06:31:14.743 GMT-0800,113.154,113.036,0.0009,0.0132
13.11.2023 06:31:15.240 GMT-0800,113.073,113.037,0.0009,0.009
13.11.2023 06:31:15.291 GMT-0800,113.074,112.956,0.0132,0.0132
13.11.2023 06:31:17.166 GMT-0800,113.044,112.956,0.0009,0.009
13.11.2023 06:31:17.228 GMT-0800,113.054,112.956,0.0009,0.009
13.11.2023 06:31:17.279 GMT-0800,113.054,112.88600000000001,0.0132,0.0132
13.11.2023 06:31:18.125 GMT-0800,113.073,112.88700000000001,0.0132,0.0132
13.11.2023 06:31:18.295 GMT-0800,113.12299999999999,112.88700000000001,0.0132,0.0132
13.11.2023 06:31:19.416 GMT-0800,113.053,112.88700000000001,0.0009,0.0132
13.11.2023 06:31:19.467 GMT-0800,113.163,112.88700000000001,0.0132,0.0132
13.11.2023 06:31:19.518 GMT-0800,113.094,112.88600000000001,0.0132,0.0132
13.11.2023 06:31:20.001 GMT-0800,112.98299999999999,112.81700000000001,0.0132,0.0132
13.11.2023 06:31:21.002 GMT-0800,113.01299999999999,112.81700000000001,0.0132,0.0132
13.11.2023 06:31:21.053 GMT-0800,113.014,112.756,0.0132,0.0132
13.11.2023 06:31:23.543 GMT-0800,112.833,112.735,0.0009,0.009
13.11.2023 06:31:23.594 GMT-0800,112.913,112.337,0.0132,0.0132
13.11.2023 06:31:23.645 GMT-0800,112.913,112.71700000000001,0.0132,0.0132
13.11.2023 06:31:24.295 GMT-0800,112.864,112.71600000000001,0.0009,0.0132
13.11.2023 06:31:26.336 GMT-0800,112.844,112.66,0.0009,0.009
13.11.2023 06:31:26.387 GMT-0800,112.84299999999999,112.21700000000001,0.0132,0.0112
13.11.2023 06:31:27.028 GMT-0800,112.883,112.697,0.0132,0.0132
13.11.2023 06:31:31.862 GMT-0800,112.883,112.697,0.009,0.0112
13.11.2023 06:31:31.976 GMT-0800,112.934,112.736,0.0132,0.0132
13.11.2023 06:31:41.821 GMT-0800,112.934,112.726,0.0132,0.0132
13.11.2023 06:31:42.438 GMT-0800,112.93299999999999,112.727,0.0132,0.0112
13.11.2023 06:31:42.489 GMT-0800,113.024,112.816,0.0132,0.0132
13.11.2023 06:31:46.399 GMT-0800,113.024,112.816,0.0132,0.0112
13.11.2023 06:31:52.519 GMT-0800,113.023,112.82700000000001,0.009,0.0112
13.11.2023 06:31:52.570 GMT-0800,113.084,112.906,0.0132,0.0132
13.11.2023 06:31:56.517 GMT-0800,113.084,112.906,0.0132,0.0112
13.11.2023 06:31:59.345 GMT-0800,113.133,112.93700000000001,0.0132,0.0132
13.11.2023 06:32:01.659 GMT-0800,113.104,112.936,0.0009,0.0132
13.11.2023 06:32:01.853 GMT-0800,113.103,112.90700000000001,0.0132,0.0132
13.11.2023 06:32:02.166 GMT-0800,113.094,112.906,0.0009,0.0132
13.11.2023 06:32:04.636 GMT-0800,113.09299999999999,112.90700000000001,0.0132,0.0112
13.11.2023 06:32:04.687 GMT-0800,113.094,112.906,0.0132,0.0132
13.11.2023 06:32:13.672 GMT-0800,112.964,112.906,0.0009,0.009
13.11.2023 06:32:13.723 GMT-0800,113.003,112.82700000000001,0.0132,0.0132
13.11.2023 06:32:13.774 GMT-0800,112.973,112.81700000000001,0.0009,0.0132
13.11.2023 06:32:31.765 GMT-0800,112.973,112.81700000000001,0.009,0.0112
13.11.2023 06:32:31.816 GMT-0800,113.024,112.816,0.0132,0.0132
13.11.2023 06:32:32.165 GMT-0800,113.023,112.81700000000001,0.0132,0.0112
13.11.2023 06:32:36.194 GMT-0800,113.024,112.846,0.009,0.0112
13.11.2023 06:32:36.245 GMT-0800,113.163,112.93700000000001,0.0132,0.0132
13.11.2023 06:32:36.311 GMT-0800,113.144,112.936,0.0009,0.0132
13.11.2023 06:32:37.197 GMT-0800,113.144,112.936,0.0132,0.0112
13.11.2023 06:32:44.328 GMT-0800,113.144,113.006,0.0132,0.0112
13.11.2023 06:32:44.379 GMT-0800,113.144,113.006,0.0132,0.0132
13.11.2023 06:32:44.753 GMT-0800,113.143,113.007,0.0132,0.0112
13.11.2023 06:32:45.005 GMT-0800,113.144,113.006,0.0132,0.0132
13.11.2023 06:32:46.022 GMT-0800,113.20299999999999,113.007,0.0132,0.0132
13.11.2023 06:32:47.651 GMT-0800,113.17399999999999,113.006,0.0009,0.0132
13.11.2023 06:32:48.193 GMT-0800,113.173,113.007,0.0132,0.0112
13.11.2023 06:32:53.999 GMT-0800,113.17399999999999,113.05600000000001,0.0132,0.0112
13.11.2023 06:32:54.401 GMT-0800,113.17399999999999,113.05600000000001,0.0132,0.0132
13.11.2023 06:32:54.713 GMT-0800,113.17399999999999,113.05600000000001,0.0132,0.0112
13.11.2023 06:32:56.742 GMT-0800,113.173,113.05700000000002,0.0132,0.0132
13.11.2023 06:33:02.673 GMT-0800,113.17399999999999,113.05600000000001,0.009,0.0112
13.11.2023 06:33:02.838 GMT-0800,113.193,113.117,0.0132,0.0132
13.11.2023 06:33:12.310 GMT-0800,113.244,113.116,0.0132,0.0132
13.11.2023 06:33:16.437 GMT-0800,113.243,113.117,0.0132,0.0112
13.11.2023 06:33:16.487 GMT-0800,113.243,113.117,0.0132,0.0132
13.11.2023 06:33:22.063 GMT-0800,113.234,113.116,0.0009,0.0132
13.11.2023 06:33:22.114 GMT-0800,113.243,113.117,0.0132,0.0132
13.11.2023 06:33:22.165 GMT-0800,113.143,113.117,0.0009,0.009
13.11.2023 06:33:22.216 GMT-0800,113.15299999999999,113.06700000000001,0.0132,0.0132
13.11.2023 06:33:22.320 GMT-0800,113.15299999999999,113.05700000000002,0.0132,0.0132
13.11.2023 06:33:22.460 GMT-0800,113.143,113.05700000000002,0.0009,0.0132
13.11.2023 06:33:23.262 GMT-0800,113.15299999999999,113.05700000000002,0.0132,0.0132
13.11.2023 06:33:23.563 GMT-0800,113.173,113.05700000000002,0.0132,0.0132
13.11.2023 06:33:24.275 GMT-0800,113.193,113.05700000000002,0.0132,0.0132
13.11.2023 06:33:26.117 GMT-0800,113.17399999999999,113.05600000000001,0.0009,0.0132
13.11.2023 06:33:26.315 GMT-0800,113.194,113.05600000000001,0.0132,0.0132
13.11.2023 06:33:26.547 GMT-0800,113.173,113.05700000000002,0.0009,0.0132
13.11.2023 06:33:26.648 GMT-0800,113.18299999999999,113.05700000000002,0.0132,0.0132
13.11.2023 06:33:27.532 GMT-0800,113.184,113.05600000000001,0.009,0.0112
13.11.2023 06:33:27.583 GMT-0800,113.194,113.066,0.0132,0.0132
13.11.2023 06:33:29.711 GMT-0800,113.254,113.066,0.0132,0.0132
13.11.2023 06:33:29.945 GMT-0800,113.254,113.066,0.0132,0.0112
13.11.2023 06:33:29.996 GMT-0800,113.254,113.066,0.0132,0.0132
13.11.2023 06:33:30.991 GMT-0800,113.253,113.05700000000002,0.0132,0.0132
13.11.2023 06:33:33.627 GMT-0800,113.253,113.05700000000002,0.0132,0.0112
13.11.2023 06:33:35.528 GMT-0800,113.253,113.087,0.0132,0.0132
13.11.2023 06:33:36.450 GMT-0800,113.253,113.087,0.0132,0.0112
13.11.2023 06:33:40.782 GMT-0800,113.254,113.08600000000001,0.0132,0.0132
13.11.2023 06:33:42.497 GMT-0800,113.254,113.08600000000001,0.0132,0.0112
13.11.2023 06:33:45.063 GMT-0800,113.254,113.21600000000001,0.0009,0.009
13.11.2023 06:33:45.114 GMT-0800,113.254,113.19600000000001,0.0132,0.0132
13.11.2023 06:33:45.280 GMT-0800,113.254,113.19600000000001,0.009,0.0112
13.11.2023 06:33:45.331 GMT-0800,113.303,113.197,0.0132,0.0132
13.11.2023 06:33:45.676 GMT-0800,113.304,113.19600000000001,0.0132,0.0112
13.11.2023 06:33:49.016 GMT-0800,113.254,113.21000000000001,0.0009,0.009
13.11.2023 06:33:49.066 GMT-0800,113.253,113.117,0.0132,0.0132
13.11.2023 06:33:54.230 GMT-0800,113.304,113.13600000000001,0.0132,0.0132
13.11.2023 06:33:54.568 GMT-0800,113.303,113.13700000000001,0.0132,0.0112
13.11.2023 06:34:00.898 GMT-0800,113.303,113.197,0.0132,0.0112
13.11.2023 06:34:03.806 GMT-0800,113.304,113.206,0.009,0.0112
13.11.2023 06:34:03.857 GMT-0800,113.354,113.236,0.0132,0.0132
13.11.2023 06:34:06.087 GMT-0800,113.354,113.236,0.0132,0.0112
13.11.2023 06:34:06.138 GMT-0800,113.34299999999999,113.24700000000001,0.0132,0.0132
13.11.2023 06:34:09.170 GMT-0800,113.354,113.24600000000001,0.0132,0.0132
13.11.2023 06:34:09.668 GMT-0800,113.31299999999999,113.24700000000001,0.0009,0.0132
13.11.2023 06:34:09.718 GMT-0800,113.354,113.24600000000001,0.0132,0.0132
13.11.2023 06:34:17.807 GMT-0800,113.323,113.24700000000001,0.0009,0.0132
13.11.2023 06:34:17.858 GMT-0800,113.353,113.23700000000001,0.0132,0.0132
13.11.2023 06:34:19.793 GMT-0800,113.29299999999999,113.23700000000001,0.0009,0.0132
13.11.2023 06:34:21.459 GMT-0800,113.253,113.23700000000001,0.0009,0.009
13.11.2023 06:34:21.511 GMT-0800,113.234,113.19600000000001,0.0132,0.0132
13.11.2023 06:34:27.463 GMT-0800,113.234,113.19600000000001,0.009,0.0112
13.11.2023 06:34:27.514 GMT-0800,113.274,113.19600000000001,0.0132,0.0132
13.11.2023 06:34:27.814 GMT-0800,113.28399999999999,113.19600000000001,0.0132,0.0132
13.11.2023 06:34:29.397 GMT-0800,113.243,113.197,0.0009,0.009
13.11.2023 06:34:29.448 GMT-0800,113.28399999999999,113.10600000000001,0.0132,0.0132
13.11.2023 06:34:32.489 GMT-0800,113.28399999999999,112.986,0.0132,0.0132
13.11.2023 06:34:32.540 GMT-0800,113.28399999999999,113.066,0.0132,0.0132
13.11.2023 06:34:32.662 GMT-0800,113.243,113.06700000000001,0.0009,0.0132
13.11.2023 06:34:35.951 GMT-0800,113.243,113.06700000000001,0.0132,0.0112
13.11.2023 06:34:41.643 GMT-0800,113.244,113.08600000000001,0.0132,0.0112
13.11.2023 06:34:41.830 GMT-0800,113.243,113.087,0.0132,0.0132
13.11.2023 06:34:48.282 GMT-0800,113.244,113.10600000000001,0.0132,0.0132
13.11.2023 06:34:49.436 GMT-0800,113.214,113.10600000000001,0.0009,0.009
13.11.2023 06:34:49.488 GMT-0800,113.213,112.977,0.0132,0.0112
13.11.2023 06:34:53.080 GMT-0800,113.184,113.036,0.0009,0.0132
13.11.2023 06:34:53.596 GMT-0800,113.213,113.037,0.0132,0.0132
13.11.2023 06:34:53.841 GMT-0800,113.184,113.036,0.0009,0.0132
13.11.2023 06:34:54.217 GMT-0800,113.184,113.036,0.0132,0.0112
13.11.2023 06:34:56.094 GMT-0800,113.18299999999999,113.087,0.0132,0.0112
13.11.2023 06:34:56.145 GMT-0800,113.184,113.08600000000001,0.0132,0.0132
13.11.2023 06:34:57.754 GMT-0800,113.194,113.08600000000001,0.0132,0.0132
13.11.2023 06:34:58.669 GMT-0800,113.194,113.08600000000001,0.0132,0.0112
13.11.2023 06:34:58.991 GMT-0800,113.193,113.087,0.0132,0.0132
13.11.2023 06:35:00.072 GMT-0800,113.193,113.087,0.0132,0.0112
13.11.2023 06:35:02.158 GMT-0800,113.194,113.08600000000001,0.0132,0.0132
13.11.2023 06:35:03.937 GMT-0800,113.193,113.087,0.0132,0.0112
13.11.2023 06:35:04.958 GMT-0800,113.193,113.087,0.0132,0.0132
13.11.2023 06:35:05.082 GMT-0800,113.193,113.087,0.0132,0.0112
13.11.2023 06:35:05.133 GMT-0800,113.184,113.08600000000001,0.0009,0.0132
13.11.2023 06:35:05.183 GMT-0800,113.173,113.087,0.0009,0.0132
13.11.2023 06:35:05.344 GMT-0800,113.213,113.087,0.0132,0.0132
13.11.2023 06:35:05.454 GMT-0800,113.17399999999999,113.08600000000001,0.0009,0.0132
13.11.2023 06:35:07.160 GMT-0800,113.193,113.087,0.0132,0.0132
13.11.2023 06:35:08.827 GMT-0800,113.194,113.08600000000001,0.0132,0.0112
13.11.2023 06:35:13.582 GMT-0800,113.163,113.12700000000001,0.0009,0.009
13.11.2023 06:35:13.633 GMT-0800,113.163,113.117,0.0132,0.0132
13.11.2023 06:35:14.136 GMT-0800,113.164,113.116,0.009,0.0112
13.11.2023 06:35:14.187 GMT-0800,113.214,113.116,0.0132,0.0132
13.11.2023 06:35:25.158 GMT-0800,113.214,113.116,0.0132,0.0112
13.11.2023 06:35:25.208 GMT-0800,113.213,113.117,0.0132,0.0132
13.11.2023 06:35:25.414 GMT-0800,113.213,113.117,0.0132,0.0112
13.11.2023 06:35:25.627 GMT-0800,113.213,113.117,0.0132,0.0132
13.11.2023 06:35:25.678 GMT-0800,113.214,113.126,0.0132,0.0132
13.11.2023 06:35:26.278 GMT-0800,113.214,113.116,0.0132,0.0132
13.11.2023 06:35:26.466 GMT-0800,113.214,113.116,0.0132,0.0112
13.11.2023 06:35:26.680 GMT-0800,113.214,113.116,0.0132,0.0132
13.11.2023 06:35:28.672 GMT-0800,113.213,113.117,0.0132,0.0112
13.11.2023 06:35:28.787 GMT-0800,113.244,113.146,0.0132,0.0132
13.11.2023 06:35:28.910 GMT-0800,113.244,113.146,0.0132,0.0112
13.11.2023 06:35:29.064 GMT-0800,113.244,113.146,0.0132,0.0132
13.11.2023 06:35:29.153 GMT-0800,113.244,113.146,0.0132,0.0112
13.11.2023 06:35:29.371 GMT-0800,113.243,113.147,0.0132,0.0132
13.11.2023 06:35:29.554 GMT-0800,113.244,113.146,0.0132,0.0112
13.11.2023 06:35:29.756 GMT-0800,113.244,113.146,0.0132,0.0132
13.11.2023 06:35:32.249 GMT-0800,113.243,113.147,0.0132,0.0112
13.11.2023 06:35:34.054 GMT-0800,113.243,113.15700000000001,0.0132,0.0112
13.11.2023 06:35:36.204 GMT-0800,113.244,113.156,0.0132,0.0132
13.11.2023 06:35:36.666 GMT-0800,113.204,113.156,0.0009,0.009
13.11.2023 06:35:36.717 GMT-0800,113.244,113.146,0.0132,0.0132
13.11.2023 06:35:37.252 GMT-0800,113.213,113.147,0.0009,0.0132
13.11.2023 06:35:39.268 GMT-0800,113.173,112.977,0.0132,0.0132
13.11.2023 06:35:39.320 GMT-0800,113.12299999999999,112.977,0.0009,0.0132
13.11.2023 06:35:41.979 GMT-0800,113.09299999999999,112.977,0.0009,0.0132
13.11.2023 06:35:42.787 GMT-0800,113.044,112.976,0.0009,0.0132
13.11.2023 06:35:43.034 GMT-0800,113.04299999999999,112.977,0.009,0.0112
13.11.2023 06:35:43.085 GMT-0800,113.073,113.007,0.0132,0.0132
13.11.2023 06:35:45.071 GMT-0800,113.073,113.007,0.0132,0.0112
13.11.2023 06:35:46.347 GMT-0800,113.114,112.976,0.0132,0.0132
13.11.2023 06:35:47.352 GMT-0800,113.12299999999999,112.977,0.0132,0.0132
13.11.2023 06:35:49.220 GMT-0800,113.124,112.976,0.0132,0.0112
13.11.2023 06:35:52.607 GMT-0800,113.103,113.06700000000001,0.0009,0.009
13.11.2023 06:35:52.658 GMT-0800,113.094,112.976,0.0132,0.0132
13.11.2023 06:35:53.672 GMT-0800,113.124,112.976,0.0132,0.0132
13.11.2023 06:36:00.157 GMT-0800,113.124,112.976,0.0132,0.0112
13.11.2023 06:36:00.208 GMT-0800,113.12299999999999,112.977,0.0132,0.0132
13.11.2023 06:36:07.888 GMT-0800,113.004,112.976,0.0009,0.009
13.11.2023 06:36:07.939 GMT-0800,113.04299999999999,112.85700000000001,0.0132,0.0132
13.11.2023 06:36:09.360 GMT-0800,113.094,112.85600000000001,0.0132,0.0132
13.11.2023 06:36:10.836 GMT-0800,113.01299999999999,112.85700000000001,0.0009,0.0132
13.11.2023 06:36:12.650 GMT-0800,112.964,112.85600000000001,0.0009,0.0132
13.11.2023 06:36:17.201 GMT-0800,112.964,112.85600000000001,0.009,0.0112
13.11.2023 06:36:17.252 GMT-0800,113.024,112.926,0.0132,0.0132
13.11.2023 06:36:18.117 GMT-0800,112.994,112.926,0.0009,0.0132
13.11.2023 06:36:18.352 GMT-0800,112.994,112.91600000000001,0.0132,0.0132
13.11.2023 06:36:19.257 GMT-0800,113.024,112.91600000000001,0.0132,0.0132
13.11.2023 06:36:19.366 GMT-0800,113.024,112.91600000000001,0.0132,0.0112
13.11.2023 06:36:19.577 GMT-0800,112.993,112.95700000000001,0.0009,0.009
13.11.2023 06:36:19.628 GMT-0800,113.014,112.91600000000001,0.0132,0.0132
13.11.2023 06:36:19.976 GMT-0800,113.01299999999999,112.91700000000002,0.009,0.0112
13.11.2023 06:36:20.027 GMT-0800,113.023,112.91700000000002,0.0132,0.0132
13.11.2023 06:36:20.205 GMT-0800,113.023,112.91700000000002,0.009,0.0112
13.11.2023 06:36:20.256 GMT-0800,113.114,112.976,0.0132,0.0132
13.11.2023 06:36:20.402 GMT-0800,113.114,112.91600000000001,0.0132,0.0132
13.11.2023 06:36:22.409 GMT-0800,113.06299999999999,112.91700000000002,0.0009,0.0132
13.11.2023 06:36:22.536 GMT-0800,113.06299999999999,112.91700000000002,0.0132,0.0112
13.11.2023 06:36:25.698 GMT-0800,113.084,112.94600000000001,0.0132,0.0132
13.11.2023 06:36:29.536 GMT-0800,113.134,112.976,0.0132,0.0132
13.11.2023 06:36:29.812 GMT-0800,113.133,112.977,0.0132,0.0112
13.11.2023 06:36:33.381 GMT-0800,113.134,112.99600000000001,0.0132,0.0112
13.11.2023 06:36:39.145 GMT-0800,113.12299999999999,113.06700000000001,0.0009,0.0132
13.11.2023 06:36:41.092 GMT-0800,113.133,113.06700000000001,0.0132,0.0132
13.11.2023 06:36:42.523 GMT-0800,113.12299999999999,113.06700000000001,0.0009,0.0132
13.11.2023 06:36:42.574 GMT-0800,113.134,113.066,0.0132,0.0132
13.11.2023 06:36:42.821 GMT-0800,113.12299999999999,113.06700000000001,0.0009,0.0132
13.11.2023 06:36:43.162 GMT-0800,113.134,113.066,0.0132,0.0132
13.11.2023 06:36:43.927 GMT-0800,113.144,113.066,0.0132,0.0132
13.11.2023 06:36:44.914 GMT-0800,113.124,113.066,0.0009,0.0132
13.11.2023 06:36:45.699 GMT-0800,113.113,113.06700000000001,0.0009,0.009
13.11.2023 06:36:45.750 GMT-0800,113.12299999999999,113.06700000000001,0.0132,0.009
13.11.2023 06:36:45.862 GMT-0800,113.12299999999999,112.977,0.0132,0.0132
13.11.2023 06:36:46.007 GMT-0800,113.124,112.96600000000001,0.0132,0.0132
13.11.2023 06:36:52.695 GMT-0800,113.114,112.96600000000001,0.0009,0.009
13.11.2023 06:36:52.746 GMT-0800,113.113,112.91700000000002,0.0132,0.0132
13.11.2023 06:36:52.841 GMT-0800,113.073,112.91700000000002,0.0009,0.0132
13.11.2023 06:36:54.164 GMT-0800,113.074,112.91600000000001,0.0132,0.0112
13.11.2023 06:36:54.490 GMT-0800,113.073,112.927,0.009,0.0112
13.11.2023 06:36:54.541 GMT-0800,113.104,112.96600000000001,0.0132,0.0132
13.11.2023 06:36:59.155 GMT-0800,113.104,112.96600000000001,0.0132,0.0112
13.11.2023 06:37:03.682 GMT-0800,113.104,113.046,0.009,0.0112
13.11.2023 06:37:03.732 GMT-0800,113.23299999999999,113.10700000000001,0.0132,0.0132
13.11.2023 06:37:03.818 GMT-0800,113.15299999999999,113.10700000000001,0.0009,0.0132
13.11.2023 06:37:05.313 GMT-0800,113.234,113.10600000000001,0.0132,0.0132
13.11.2023 06:37:05.388 GMT-0800,113.154,113.10600000000001,0.0009,0.0132
13.11.2023 06:37:05.489 GMT-0800,113.15299999999999,113.06700000000001,0.0132,0.0132
13.11.2023 06:37:05.540 GMT-0800,113.15299999999999,113.05700000000002,0.0132,0.0132
13.11.2023 06:37:07.936 GMT-0800,113.244,113.16600000000001,0.0132,0.009
13.11.2023 06:37:07.986 GMT-0800,113.244,113.126,0.0132,0.0132
13.11.2023 06:37:08.038 GMT-0800,113.244,113.126,0.0132,0.0112
13.11.2023 06:37:10.239 GMT-0800,113.243,113.117,0.0132,0.0132
13.11.2023 06:37:11.282 GMT-0800,113.243,113.117,0.0132,0.0112
13.11.2023 06:37:11.407 GMT-0800,113.243,113.147,0.0132,0.0112
13.11.2023 06:37:14.403 GMT-0800,113.213,113.177,0.0009,0.009
13.11.2023 06:37:14.453 GMT-0800,113.244,113.176,0.0132,0.009
13.11.2023 06:37:14.504 GMT-0800,113.243,113.15700000000001,0.0132,0.0132
13.11.2023 06:37:14.555 GMT-0800,113.20299999999999,113.15700000000001,0.0009,0.0132
13.11.2023 06:37:16.824 GMT-0800,113.204,113.156,0.009,0.0112
13.11.2023 06:37:16.874 GMT-0800,113.244,113.16600000000001,0.0132,0.0132
13.11.2023 06:37:16.992 GMT-0800,113.243,113.15700000000001,0.0132,0.0132
13.11.2023 06:37:17.049 GMT-0800,113.244,113.156,0.0132,0.0112
13.11.2023 06:37:17.100 GMT-0800,113.243,113.15700000000001,0.0132,0.0132
13.11.2023 06:37:20.291 GMT-0800,113.253,113.21700000000001,0.0132,0.0132
13.11.2023 06:37:20.395 GMT-0800,113.28399999999999,113.21600000000001,0.0132,0.0132
13.11.2023 06:37:20.555 GMT-0800,113.28399999999999,113.21600000000001,0.0132,0.0112
13.11.2023 06:37:20.606 GMT-0800,113.28399999999999,113.21600000000001,0.0132,0.0132
13.11.2023 06:37:20.822 GMT-0800,113.283,113.21700000000001,0.0132,0.0112
13.11.2023 06:37:21.110 GMT-0800,113.283,113.21700000000001,0.0132,0.0132
13.11.2023 06:37:22.507 GMT-0800,113.28399999999999,113.21600000000001,0.0132,0.0112
13.11.2023 06:37:22.560 GMT-0800,113.28399999999999,113.21600000000001,0.0132,0.0112
13.11.2023 06:37:22.899 GMT-0800,113.28399999999999,113.21600000000001,0.0132,0.0132
13.11.2023 06:37:23.184 GMT-0800,113.283,113.21700000000001,0.0132,0.0112
13.11.2023 06:37:23.503 GMT-0800,113.28399999999999,113.21600000000001,0.0132,0.0132
13.11.2023 06:37:24.009 GMT-0800,113.294,113.21600000000001,0.0132,0.0132
13.11.2023 06:37:31.452 GMT-0800,113.243,113.21700000000001,0.0009,0.009
13.11.2023 06:37:31.503 GMT-0800,113.28399999999999,113.07600000000001,0.0132,0.0132
13.11.2023 06:37:31.849 GMT-0800,113.273,113.07700000000001,0.0009,0.0132
13.11.2023 06:37:32.075 GMT-0800,113.17399999999999,113.02600000000001,0.0132,0.0132
13.11.2023 06:37:32.363 GMT-0800,113.173,113.02700000000002,0.009,0.0112
13.11.2023 06:37:32.416 GMT-0800,113.254,113.13600000000001,0.0132,0.0132
13.11.2023 06:37:32.467 GMT-0800,113.29299999999999,113.13700000000001,0.0132,0.0132
13.11.2023 06:37:33.185 GMT-0800,113.253,113.13700000000001,0.0009,0.0132
13.11.2023 06:37:33.236 GMT-0800,113.29299999999999,113.13700000000001,0.0132,0.0132
13.11.2023 06:37:36.890 GMT-0800,113.294,113.13600000000001,0.0132,0.0112
13.11.2023 06:37:37.922 GMT-0800,113.26299999999999,113.177,0.0132,0.0132
13.11.2023 06:37:38.176 GMT-0800,113.29299999999999,113.177,0.0132,0.0132
13.11.2023 06:37:38.400 GMT-0800,113.294,113.176,0.0132,0.0112
13.11.2023 06:37:39.681 GMT-0800,113.214,113.186,0.0009,0.009
13.11.2023 06:37:39.731 GMT-0800,113.283,113.05700000000002,0.0132,0.0132
13.11.2023 06:37:40.088 GMT-0800,113.193,113.05700000000002,0.0009,0.0132
13.11.2023 06:37:40.776 GMT-0800,113.20299999999999,113.05700000000002,0.0132,0.0132
13.11.2023 06:37:41.358 GMT-0800,113.204,113.05600000000001,0.0132,0.0112
13.11.2023 06:37:41.944 GMT-0800,113.20299999999999,113.06700000000001,0.009,0.0112
13.11.2023 06:37:41.995 GMT-0800,113.254,113.16600000000001,0.0132,0.0132
13.11.2023 06:37:44.118 GMT-0800,113.234,113.16600000000001,0.0009,0.009
13.11.2023 06:37:44.169 GMT-0800,113.23299999999999,113.117,0.0132,0.0132
13.11.2023 06:37:46.706 GMT-0800,113.214,113.116,0.0009,0.009
13.11.2023 06:37:46.757 GMT-0800,113.234,113.116,0.009,0.009
13.11.2023 06:37:46.818 GMT-0800,113.244,113.096,0.0132,0.0132
13.11.2023 06:37:46.868 GMT-0800,113.23299999999999,113.09700000000001,0.0009,0.0132
13.11.2023 06:37:46.969 GMT-0800,113.234,113.096,0.009,0.0112
13.11.2023 06:37:47.020 GMT-0800,113.294,113.10600000000001,0.0132,0.0132
13.11.2023 06:37:47.329 GMT-0800,113.254,113.10600000000001,0.0009,0.0132
13.11.2023 06:37:52.091 GMT-0800,113.254,113.10600000000001,0.0132,0.0112
13.11.2023 06:37:53.487 GMT-0800,113.213,113.15700000000001,0.0009,0.0132
13.11.2023 06:37:53.537 GMT-0800,113.243,113.15700000000001,0.0009,0.0132
13.11.2023 06:37:54.541 GMT-0800,113.294,113.156,0.0132,0.0132
13.11.2023 06:37:54.591 GMT-0800,113.29299999999999,113.20700000000001,0.0132,0.009
13.11.2023 06:37:54.642 GMT-0800,113.294,113.186,0.0132,0.0132
13.11.2023 06:37:55.245 GMT-0800,113.294,113.156,0.0132,0.0132
13.11.2023 06:37:56.716 GMT-0800,113.214,113.156,0.0009,0.0132
13.11.2023 06:37:56.766 GMT-0800,113.29299999999999,113.15700000000001,0.0132,0.0132
13.11.2023 06:37:58.465 GMT-0800,113.23299999999999,113.15700000000001,0.0009,0.0132
13.11.2023 06:38:01.320 GMT-0800,113.23299999999999,113.15700000000001,0.0132,0.0112
13.11.2023 06:38:01.371 GMT-0800,113.353,113.23700000000001,0.009,0.009
13.11.2023 06:38:01.422 GMT-0800,113.314,113.226,0.0132,0.0132
13.11.2023 06:38:01.473 GMT-0800,113.374,113.236,0.0132,0.0132
13.11.2023 06:38:01.523 GMT-0800,113.31299999999999,113.227,0.0132,0.0132
13.11.2023 06:38:02.526 GMT-0800,113.31299999999999,113.227,0.009,0.0112
13.11.2023 06:38:02.577 GMT-0800,113.294,113.226,0.0009,0.0132
13.11.2023 06:38:02.729 GMT-0800,113.333,113.227,0.0132,0.0132
13.11.2023 06:38:03.588 GMT-0800,113.344,113.226,0.0132,0.0132
13.11.2023 06:38:04.133 GMT-0800,113.333,113.227,0.0009,0.0132
13.11.2023 06:38:04.687 GMT-0800,113.283,113.227,0.0009,0.009
13.11.2023 06:38:04.738 GMT-0800,113.334,113.10600000000001,0.0132,0.0132
13.11.2023 06:38:05.028 GMT-0800,113.333,113.10700000000001,0.0132,0.0112
13.11.2023 06:38:05.175 GMT-0800,113.29299999999999,113.09700000000001,0.0132,0.0132
13.11.2023 06:38:09.264 GMT-0800,113.294,113.096,0.0132,0.0112
13.11.2023 06:38:14.657 GMT-0800,113.29299999999999,113.13700000000001,0.009,0.0112
13.11.2023 06:38:14.708 GMT-0800,113.303,113.197,0.0132,0.0132
13.11.2023 06:38:15.228 GMT-0800,113.303,113.197,0.0132,0.0112
13.11.2023 06:38:15.409 GMT-0800,113.34299999999999,113.197,0.0132,0.0132
13.11.2023 06:38:16.793 GMT-0800,113.34299999999999,113.197,0.0132,0.0112
13.11.2023 06:38:17.158 GMT-0800,113.34299999999999,113.257,0.0132,0.0112
13.11.2023 06:38:17.209 GMT-0800,113.344,113.256,0.0132,0.0132
13.11.2023 06:38:17.502 GMT-0800,113.383,113.257,0.0132,0.0132
13.11.2023 06:38:17.672 GMT-0800,113.383,113.257,0.0132,0.0112
13.11.2023 06:38:17.773 GMT-0800,113.40299999999999,113.31700000000001,0.0132,0.0132
13.11.2023 06:38:20.199 GMT-0800,113.404,113.316,0.0132,0.0112
13.11.2023 06:38:20.250 GMT-0800,113.474,113.236,0.0132,0.0132
13.11.2023 06:38:20.301 GMT-0800,113.474,113.316,0.0132,0.0132
13.11.2023 06:38:21.654 GMT-0800,113.484,113.316,0.0132,0.0132
13.11.2023 06:38:22.412 GMT-0800,113.523,113.31700000000001,0.0132,0.0132
13.11.2023 06:38:24.321 GMT-0800,113.523,113.31700000000001,0.0132,0.0112
13.11.2023 06:38:24.450 GMT-0800,113.524,113.316,0.0132,0.0132
13.11.2023 06:38:26.226 GMT-0800,113.523,113.31700000000001,0.0132,0.0112
13.11.2023 06:38:26.976 GMT-0800,113.484,113.406,0.0009,0.009
13.11.2023 06:38:27.027 GMT-0800,113.524,113.406,0.0132,0.009
13.11.2023 06:38:27.091 GMT-0800,113.524,113.316,0.0132,0.0132
13.11.2023 06:38:27.192 GMT-0800,113.53399999999999,113.316,0.0132,0.0132
13.11.2023 06:38:28.127 GMT-0800,113.53399999999999,113.316,0.0132,0.0112
13.11.2023 06:38:28.178 GMT-0800,113.533,113.32700000000001,0.0132,0.0132
13.11.2023 06:38:29.715 GMT-0800,113.484,113.32600000000001,0.0009,0.0132
13.11.2023 06:38:30.032 GMT-0800,113.48299999999999,113.31700000000001,0.0132,0.0112
13.11.2023 06:38:34.868 GMT-0800,113.484,113.346,0.0132,0.0112
13.11.2023 06:38:34.969 GMT-0800,113.484,113.346,0.0132,0.0132
13.11.2023 06:38:36.346 GMT-0800,113.48299999999999,113.34700000000001,0.0132,0.0112
13.11.2023 06:38:37.771 GMT-0800,113.474,113.41600000000001,0.0009,0.0132
13.11.2023 06:38:39.698 GMT-0800,113.444,113.412,0.0009,0.009
13.11.2023 06:38:39.749 GMT-0800,113.444,113.316,0.0132,0.0132
13.11.2023 06:38:40.432 GMT-0800,113.443,113.24700000000001,0.0132,0.0132
13.11.2023 06:38:42.210 GMT-0800,113.444,113.24600000000001,0.0132,0.0112
13.11.2023 06:38:46.663 GMT-0800,113.423,113.26700000000001,0.0009,0.0132
13.11.2023 06:38:46.714 GMT-0800,113.443,113.26700000000001,0.0132,0.0132
13.11.2023 06:38:52.826 GMT-0800,113.443,113.26700000000001,0.0132,0.0112
13.11.2023 06:38:53.177 GMT-0800,113.444,113.266,0.0132,0.0132
13.11.2023 06:38:53.329 GMT-0800,113.444,113.266,0.0132,0.0112
13.11.2023 06:38:53.380 GMT-0800,113.444,113.286,0.0132,0.0132
13.11.2023 06:38:53.606 GMT-0800,113.444,113.286,0.0132,0.0112
13.11.2023 06:38:55.133 GMT-0800,113.45299999999999,113.35700000000001,0.0132,0.0132
13.11.2023 06:38:55.183 GMT-0800,113.413,113.35700000000001,0.0009,0.0132
13.11.2023 06:38:58.543 GMT-0800,113.404,113.35600000000001,0.0132,0.0132
13.11.2023 06:39:07.139 GMT-0800,113.353,113.227,0.0132,0.0132
13.11.2023 06:39:07.190 GMT-0800,113.333,113.227,0.0009,0.009
13.11.2023 06:39:07.247 GMT-0800,113.333,113.20700000000001,0.0132,0.0132
13.11.2023 06:39:15.053 GMT-0800,113.334,113.206,0.0132,0.0112
13.11.2023 06:39:17.862 GMT-0800,113.43299999999999,113.287,0.0132,0.0132
13.11.2023 06:39:18.184 GMT-0800,113.43299999999999,113.287,0.0132,0.0112
13.11.2023 06:39:18.235 GMT-0800,113.454,113.286,0.0132,0.0132
13.11.2023 06:39:18.411 GMT-0800,113.45299999999999,113.287,0.009,0.0112
13.11.2023 06:39:18.462 GMT-0800,113.514,113.346,0.0132,0.0132
13.11.2023 06:39:19.289 GMT-0800,113.494,113.346,0.0009,0.0132
13.11.2023 06:39:21.691 GMT-0800,113.484,113.346,0.0009,0.0132
13.11.2023 06:39:23.684 GMT-0800,113.454,113.346,0.0009,0.0132
13.11.2023 06:39:30.086 GMT-0800,113.45299999999999,113.34700000000001,0.0132,0.0112
13.11.2023 06:39:30.480 GMT-0800,113.413,113.40700000000001,0.0009,0.009
13.11.2023 06:39:30.531 GMT-0800,113.443,113.35700000000001,0.0132,0.0132
13.11.2023 06:39:31.136 GMT-0800,113.443,113.32700000000001,0.0132,0.0132
13.11.2023 06:39:31.288 GMT-0800,113.443,113.32700000000001,0.0132,0.0112
13.11.2023 06:39:32.992 GMT-0800,113.414,113.366,0.0009,0.009
13.11.2023 06:39:33.042 GMT-0800,113.363,113.227,0.0132,0.0132
13.11.2023 06:39:33.220 GMT-0800,113.364,113.206,0.0132,0.0132
13.11.2023 06:39:33.561 GMT-0800,113.363,113.20700000000001,0.0132,0.0112
13.11.2023 06:39:33.612 GMT-0800,113.454,113.286,0.0132,0.0132
13.11.2023 06:39:34.195 GMT-0800,113.45299999999999,113.257,0.0132,0.0132
13.11.2023 06:39:37.046 GMT-0800,113.454,113.256,0.0132,0.0112
13.11.2023 06:39:37.147 GMT-0800,113.45299999999999,113.26700000000001,0.0132,0.0112
13.11.2023 06:39:38.696 GMT-0800,113.45299999999999,113.27700000000002,0.0132,0.0112
13.11.2023 06:39:38.961 GMT-0800,113.444,113.286,0.0009,0.0132
13.11.2023 06:39:39.062 GMT-0800,113.454,113.286,0.0132,0.0132
13.11.2023 06:39:39.565 GMT-0800,113.444,113.286,0.0009,0.0132
13.11.2023 06:39:39.616 GMT-0800,113.454,113.286,0.0132,0.0132
13.11.2023 06:39:39.978 GMT-0800,113.443,113.287,0.0009,0.0132
13.11.2023 06:39:40.029 GMT-0800,113.454,113.286,0.0132,0.0132
13.11.2023 06:39:40.464 GMT-0800,113.443,113.287,0.0009,0.0132
13.11.2023 06:39:40.566 GMT-0800,113.454,113.286,0.0132,0.0132
13.11.2023 06:39:40.926 GMT-0800,113.444,113.286,0.0009,0.0132
13.11.2023 06:39:40.976 GMT-0800,113.45299999999999,113.287,0.0132,0.0132
13.11.2023 06:39:41.030 GMT-0800,113.45299999999999,113.287,0.0132,0.0112
13.11.2023 06:39:41.131 GMT-0800,113.443,113.367,0.0132,0.0132
13.11.2023 06:39:41.642 GMT-0800,113.454,113.366,0.0132,0.0132
13.11.2023 06:39:41.864 GMT-0800,113.443,113.367,0.0009,0.0132
13.11.2023 06:39:42.015 GMT-0800,113.45299999999999,113.367,0.0132,0.0132
13.11.2023 06:39:42.204 GMT-0800,113.444,113.366,0.0009,0.0132
13.11.2023 06:39:43.138 GMT-0800,113.45299999999999,113.367,0.0132,0.0132
13.11.2023 06:39:43.728 GMT-0800,113.444,113.366,0.0009,0.0132
13.11.2023 06:39:43.829 GMT-0800,113.404,113.19600000000001,0.0132,0.0132
13.11.2023 06:39:43.880 GMT-0800,113.404,113.256,0.0132,0.0132
13.11.2023 06:39:43.983 GMT-0800,113.40299999999999,113.257,0.0132,0.0112
13.11.2023 06:39:44.085 GMT-0800,113.40299999999999,113.20700000000001,0.0132,0.0132
13.11.2023 06:39:45.098 GMT-0800,113.404,113.19600000000001,0.0132,0.0132
13.11.2023 06:39:46.088 GMT-0800,113.323,113.197,0.0009,0.0132
13.11.2023 06:39:48.086 GMT-0800,113.404,113.286,0.0132,0.0132
13.11.2023 06:39:52.772 GMT-0800,113.34299999999999,113.287,0.0009,0.0132
13.11.2023 06:39:52.823 GMT-0800,113.414,113.286,0.0132,0.0132
13.11.2023 06:39:54.895 GMT-0800,113.34299999999999,113.287,0.0009,0.009
13.11.2023 06:39:54.946 GMT-0800,113.324,113.21600000000001,0.0132,0.0132
13.11.2023 06:39:54.997 GMT-0800,113.324,113.21600000000001,0.0132,0.0112
13.11.2023 06:39:55.114 GMT-0800,113.393,113.257,0.0132,0.0132
13.11.2023 06:39:55.569 GMT-0800,113.31299999999999,113.257,0.0009,0.0132
13.11.2023 06:40:00.021 GMT-0800,113.324,113.256,0.0132,0.0132
13.11.2023 06:40:00.498 GMT-0800,113.393,113.257,0.0132,0.0132
13.11.2023 06:40:01.562 GMT-0800,113.31299999999999,113.257,0.0009,0.0132
13.11.2023 06:40:01.613 GMT-0800,113.294,113.146,0.0132,0.0132
13.11.2023 06:40:01.784 GMT-0800,113.294,113.146,0.0132,0.0112
13.11.2023 06:40:02.711 GMT-0800,113.394,113.186,0.0132,0.0132
13.11.2023 06:40:04.073 GMT-0800,113.374,113.186,0.0009,0.0132
13.11.2023 06:40:05.276 GMT-0800,113.394,113.186,0.0132,0.0132
13.11.2023 06:40:07.980 GMT-0800,113.393,113.18700000000001,0.0132,0.0112
13.11.2023 06:40:08.081 GMT-0800,113.454,113.21600000000001,0.0132,0.0132
13.11.2023 06:40:08.198 GMT-0800,113.434,113.21600000000001,0.0009,0.0112
13.11.2023 06:40:08.299 GMT-0800,113.43299999999999,113.21700000000001,0.0132,0.0132
13.11.2023 06:40:09.105 GMT-0800,113.40299999999999,113.20700000000001,0.0009,0.0132
13.11.2023 06:40:10.404 GMT-0800,113.40299999999999,113.24700000000001,0.0132,0.009
13.11.2023 06:40:10.455 GMT-0800,113.404,113.206,0.0132,0.0132
13.11.2023 06:40:14.866 GMT-0800,113.40299999999999,113.20700000000001,0.0132,0.0112
13.11.2023 06:40:16.469 GMT-0800,113.354,113.296,0.0009,0.009
13.11.2023 06:40:16.520 GMT-0800,113.413,113.24700000000001,0.0132,0.0132
13.11.2023 06:40:20.721 GMT-0800,113.414,113.186,0.0132,0.009
13.11.2023 06:40:20.822 GMT-0800,113.324,113.16600000000001,0.0132,0.0132
13.11.2023 06:40:20.945 GMT-0800,113.273,113.16700000000002,0.0132,0.0132
13.11.2023 06:40:21.783 GMT-0800,113.273,113.16700000000002,0.009,0.0112
13.11.2023 06:40:21.834 GMT-0800,113.31299999999999,113.13700000000001,0.0132,0.0132
13.11.2023 06:40:22.376 GMT-0800,113.31299999999999,113.15700000000001,0.0132,0.0132
13.11.2023 06:40:23.939 GMT-0800,113.31299999999999,113.15700000000001,0.0132,0.0112
13.11.2023 06:40:24.105 GMT-0800,113.273,113.16700000000002,0.0009,0.009
13.11.2023 06:40:24.156 GMT-0800,113.273,113.13700000000001,0.0132,0.0132
13.11.2023 06:40:26.616 GMT-0800,113.273,113.13700000000001,0.0132,0.0112
13.11.2023 06:40:27.619 GMT-0800,113.34299999999999,113.197,0.0132,0.0132
13.11.2023 06:40:30.679 GMT-0800,113.26299999999999,113.197,0.0009,0.009
13.11.2023 06:40:30.730 GMT-0800,113.26299999999999,113.13700000000001,0.0132,0.0132
13.11.2023 06:40:31.167 GMT-0800,113.234,113.13600000000001,0.0009,0.0132
13.11.2023 06:40:31.218 GMT-0800,113.244,113.13600000000001,0.0132,0.0132
13.11.2023 06:40:31.333 GMT-0800,113.234,113.13600000000001,0.0009,0.0132
13.11.2023 06:40:31.384 GMT-0800,113.244,113.13600000000001,0.0132,0.0132
13.11.2023 06:40:31.790 GMT-0800,113.264,113.13600000000001,0.0132,0.0132
13.11.2023 06:40:36.070 GMT-0800,113.283,113.13700000000001,0.0132,0.0132
13.11.2023 06:40:36.121 GMT-0800,113.264,113.13600000000001,0.0009,0.0132
13.11.2023 06:40:36.658 GMT-0800,113.26299999999999,113.13700000000001,0.0132,0.0112
13.11.2023 06:40:36.709 GMT-0800,113.363,113.177,0.0132,0.0132
13.11.2023 06:40:41.059 GMT-0800,113.394,113.176,0.0132,0.0132
13.11.2023 06:40:42.394 GMT-0800,113.37299999999999,113.177,0.0009,0.0132
13.11.2023 06:40:42.533 GMT-0800,113.303,113.177,0.0009,0.0112
13.11.2023 06:40:42.746 GMT-0800,113.303,113.177,0.0132,0.0132
13.11.2023 06:40:44.356 GMT-0800,113.304,113.176,0.0132,0.0112
13.11.2023 06:40:48.164 GMT-0800,113.314,113.19600000000001,0.0132,0.0132
13.11.2023 06:40:54.021 GMT-0800,113.31299999999999,113.197,0.0132,0.0112
13.11.2023 06:41:00.495 GMT-0800,113.314,113.206,0.0132,0.0112
13.11.2023 06:41:12.378 GMT-0800,113.254,113.21600000000001,0.0009,0.009
13.11.2023 06:41:12.428 GMT-0800,113.264,113.21600000000001,0.0009,0.009
13.11.2023 06:41:12.479 GMT-0800,113.26299999999999,113.177,0.0132,0.0132
13.11.2023 06:41:13.128 GMT-0800,113.254,113.176,0.0009,0.0132
13.11.2023 06:41:13.189 GMT-0800,113.264,113.176,0.0132,0.0132
13.11.2023 06:41:13.782 GMT-0800,113.253,113.177,0.0009,0.0132
13.11.2023 06:41:13.833 GMT-0800,113.264,113.176,0.0132,0.0132
13.11.2023 06:41:15.590 GMT-0800,113.20299999999999,113.177,0.0009,0.009
13.11.2023 06:41:15.641 GMT-0800,113.184,113.05600000000001,0.0132,0.0132
13.11.2023 06:41:15.692 GMT-0800,113.20299999999999,113.05700000000002,0.0132,0.0132
13.11.2023 06:41:17.095 GMT-0800,113.173,113.05700000000002,0.0009,0.0132
13.11.2023 06:41:17.771 GMT-0800,113.223,113.05700000000002,0.0132,0.0132
13.11.2023 06:41:20.649 GMT-0800,113.223,113.05700000000002,0.009,0.0112
13.11.2023 06:41:20.700 GMT-0800,113.264,113.046,0.0132,0.0132
13.11.2023 06:41:25.074 GMT-0800,113.254,113.046,0.0009,0.0132
13.11.2023 06:41:25.627 GMT-0800,113.253,113.04700000000001,0.0132,0.0112
13.11.2023 06:41:26.523 GMT-0800,113.253,113.05700000000002,0.0132,0.0112
13.11.2023 06:41:44.085 GMT-0800,113.254,113.126,0.0132,0.0112
13.11.2023 06:41:51.183 GMT-0800,113.253,113.147,0.0132,0.009
13.11.2023 06:41:51.233 GMT-0800,113.253,113.13700000000001,0.0132,0.0132
13.11.2023 06:41:52.678 GMT-0800,113.204,113.13600000000001,0.0009,0.0132
13.11.2023 06:41:53.700 GMT-0800,113.184,113.126,0.0132,0.0132
13.11.2023 06:41:58.978 GMT-0800,113.193,113.12700000000001,0.0132,0.0132
13.11.2023 06:41:59.231 GMT-0800,113.194,113.126,0.009,0.0112
13.11.2023 06:41:59.282 GMT-0800,113.26299999999999,113.16700000000002,0.0132,0.0132
13.11.2023 06:41:59.399 GMT-0800,113.264,113.16600000000001,0.0132,0.0112
13.11.2023 06:42:00.495 GMT-0800,113.224,113.19500000000001,0.0009,0.009
13.11.2023 06:42:00.561 GMT-0800,113.223,113.09700000000001,0.0132,0.0132
13.11.2023 06:42:00.612 GMT-0800,113.26299999999999,113.09700000000001,0.0132,0.0132
13.11.2023 06:42:05.452 GMT-0800,113.264,113.096,0.0132,0.0112
13.11.2023 06:42:07.392 GMT-0800,113.264,113.146,0.0132,0.0112
13.11.2023 06:42:08.130 GMT-0800,113.244,113.19600000000001,0.0009,0.0132
13.11.2023 06:42:08.937 GMT-0800,113.224,113.19600000000001,0.0009,0.009
13.11.2023 06:42:08.988 GMT-0800,113.244,113.146,0.0132,0.0132
13.11.2023 06:42:09.997 GMT-0800,113.26299999999999,113.147,0.0132,0.0132
13.11.2023 06:42:10.170 GMT-0800,113.253,113.147,0.0009,0.0132
13.11.2023 06:42:10.660 GMT-0800,113.223,113.147,0.0009,0.0132
13.11.2023 06:42:11.804 GMT-0800,113.213,113.147,0.0009,0.0132
13.11.2023 06:42:11.905 GMT-0800,113.224,113.146,0.0132,0.0132
13.11.2023 06:42:12.510 GMT-0800,113.214,113.146,0.0009,0.0132
13.11.2023 06:42:12.561 GMT-0800,113.223,113.147,0.0132,0.0132
13.11.2023 06:42:12.612 GMT-0800,113.214,113.146,0.0132,0.0132
13.11.2023 06:42:12.713 GMT-0800,113.214,113.036,0.0132,0.0132
13.11.2023 06:42:13.689 GMT-0800,113.223,113.037,0.0132,0.0132
13.11.2023 06:42:13.739 GMT-0800,113.154,113.036,0.0009,0.0132
13.11.2023 06:42:13.790 GMT-0800,113.154,113.016,0.0132,0.0132
13.11.2023 06:42:15.965 GMT-0800,113.143,113.01700000000001,0.0009,0.0132
13.11.2023 06:42:16.077 GMT-0800,113.143,112.99700000000001,0.0132,0.0132
13.11.2023 06:42:16.966 GMT-0800,113.143,112.99700000000001,0.009,0.0112
13.11.2023 06:42:17.017 GMT-0800,113.15299999999999,113.01700000000001,0.0132,0.0132
13.11.2023 06:42:18.557 GMT-0800,113.15299999999999,113.01700000000001,0.0132,0.0112
13.11.2023 06:42:18.659 GMT-0800,113.264,113.10600000000001,0.0132,0.0132
13.11.2023 06:42:19.854 GMT-0800,113.254,113.10600000000001,0.0009,0.0132
13.11.2023 06:42:20.174 GMT-0800,113.253,113.07700000000001,0.0132,0.0132
13.11.2023 06:42:20.322 GMT-0800,113.204,113.07600000000001,0.0009,0.0132
13.11.2023 06:42:23.918 GMT-0800,113.204,113.07600000000001,0.0132,0.0112
13.11.2023 06:42:24.252 GMT-0800,113.184,113.15,0.0009,0.009
13.11.2023 06:42:24.303 GMT-0800,113.20299999999999,113.037,0.0132,0.0132
13.11.2023 06:42:28.365 GMT-0800,113.20299999999999,113.037,0.0132,0.0112
13.11.2023 06:42:31.606 GMT-0800,113.154,113.116,0.0009,0.009
13.11.2023 06:42:31.657 GMT-0800,113.193,113.117,0.0009,0.009
13.11.2023 06:42:31.708 GMT-0800,113.193,112.99700000000001,0.0132,0.0132
13.11.2023 06:42:32.033 GMT-0800,113.124,112.99600000000001,0.0009,0.0132
13.11.2023 06:42:32.497 GMT-0800,113.134,112.99600000000001,0.0132,0.0132
13.11.2023 06:42:40.463 GMT-0800,113.133,112.99700000000001,0.0132,0.0112
13.11.2023 06:42:40.677 GMT-0800,113.124,113.016,0.0009,0.0132
13.11.2023 06:42:40.741 GMT-0800,113.134,113.016,0.0132,0.0132
13.11.2023 06:42:40.842 GMT-0800,113.12299999999999,113.01700000000001,0.0009,0.0132
13.11.2023 06:42:40.923 GMT-0800,113.133,113.01700000000001,0.0132,0.0132
13.11.2023 06:42:41.088 GMT-0800,113.134,112.99600000000001,0.0132,0.0132
13.11.2023 06:42:41.386 GMT-0800,113.133,112.99700000000001,0.0132,0.0112
13.11.2023 06:42:42.483 GMT-0800,113.12299999999999,113.05700000000002,0.0009,0.0132
13.11.2023 06:42:48.174 GMT-0800,113.133,113.05700000000002,0.0132,0.0132
13.11.2023 06:42:51.455 GMT-0800,113.12299999999999,113.05700000000002,0.0009,0.009
13.11.2023 06:42:51.506 GMT-0800,113.124,112.99600000000001,0.0132,0.0132
13.11.2023 06:42:52.499 GMT-0800,113.134,112.99600000000001,0.0132,0.0132
13.11.2023 06:42:52.679 GMT-0800,113.154,112.99600000000001,0.0132,0.0132
13.11.2023 06:42:52.991 GMT-0800,113.134,112.99600000000001,0.0009,0.0132
13.11.2023 06:42:53.222 GMT-0800,113.104,112.99600000000001,0.0009,0.0132
13.11.2023 06:42:53.274 GMT-0800,113.124,112.99600000000001,0.0009,0.0132
13.11.2023 06:42:53.755 GMT-0800,113.114,112.99600000000001,0.0009,0.0132
13.11.2023 06:42:53.998 GMT-0800,113.12299999999999,112.99700000000001,0.0132,0.0132
13.11.2023 06:42:56.364 GMT-0800,113.03399999999999,112.99600000000001,0.0009,0.009
13.11.2023 06:42:56.415 GMT-0800,113.03399999999999,112.91600000000001,0.0132,0.0132
13.11.2023 06:42:56.878 GMT-0800,112.993,112.91700000000002,0.0009,0.0132
13.11.2023 06:42:56.929 GMT-0800,112.974,112.80600000000001,0.0132,0.0132
13.11.2023 06:42:57.225 GMT-0800,112.973,112.84700000000001,0.0132,0.0132
13.11.2023 06:42:58.031 GMT-0800,112.963,112.84700000000001,0.0009,0.0112
13.11.2023 06:42:58.390 GMT-0800,112.963,112.84700000000001,0.0132,0.0132
13.11.2023 06:42:59.438 GMT-0800,112.944,112.846,0.0009,0.0132
13.11.2023 06:42:59.488 GMT-0800,112.944,112.82600000000001,0.0132,0.0132
13.11.2023 06:43:00.743 GMT-0800,112.944,112.82600000000001,0.0132,0.0112
13.11.2023 06:43:00.822 GMT-0800,112.944,112.82600000000001,0.0132,0.009
13.11.2023 06:43:00.873 GMT-0800,112.944,112.80600000000001,0.0132,0.0132
13.11.2023 06:43:01.320 GMT-0800,112.943,112.787,0.0132,0.0132
13.11.2023 06:43:01.371 GMT-0800,112.944,112.80600000000001,0.0132,0.0132
13.11.2023 06:43:02.027 GMT-0800,112.943,112.787,0.0132,0.0132
13.11.2023 06:43:02.499 GMT-0800,112.92399999999999,112.786,0.0132,0.0132
13.11.2023 06:43:04.959 GMT-0800,112.92399999999999,112.786,0.009,0.0112
13.11.2023 06:43:05.010 GMT-0800,112.98299999999999,112.93700000000001,0.0132,0.0132
13.11.2023 06:43:05.330 GMT-0800,112.984,112.866,0.0132,0.0132
13.11.2023 06:43:06.026 GMT-0800,112.984,112.85600000000001,0.0132,0.0132
13.11.2023 06:43:08.379 GMT-0800,112.984,112.85600000000001,0.0132,0.0112
13.11.2023 06:43:12.853 GMT-0800,112.984,112.906,0.0132,0.0112
13.11.2023 06:43:13.044 GMT-0800,112.984,112.906,0.0132,0.0132
13.11.2023 06:43:13.175 GMT-0800,112.984,112.906,0.0132,0.0112
13.11.2023 06:43:17.242 GMT-0800,112.974,112.80600000000001,0.0132,0.0132
13.11.2023 06:43:18.090 GMT-0800,112.973,112.80700000000002,0.0132,0.0112
13.11.2023 06:43:18.255 GMT-0800,112.98299999999999,112.87700000000001,0.0132,0.0132
13.11.2023 06:43:20.665 GMT-0800,112.944,112.876,0.0009,0.0132
13.11.2023 06:43:22.978 GMT-0800,112.943,112.87700000000001,0.009,0.0112
13.11.2023 06:43:23.029 GMT-0800,113.004,112.906,0.0132,0.0132
13.11.2023 06:43:23.080 GMT-0800,113.06299999999999,112.90700000000001,0.0132,0.0132
13.11.2023 06:43:23.729 GMT-0800,113.014,112.906,0.0009,0.0132
13.11.2023 06:43:24.089 GMT-0800,113.014,112.906,0.0132,0.0112
13.11.2023 06:43:26.597 GMT-0800,113.06299999999999,112.93700000000001,0.0132,0.0132
13.11.2023 06:43:33.080 GMT-0800,113.044,112.936,0.0009,0.0132
13.11.2023 06:43:36.015 GMT-0800,113.064,112.936,0.0132,0.0132
13.11.2023 06:43:38.484 GMT-0800,112.98299999999999,112.93700000000001,0.0009,0.0132
13.11.2023 06:43:38.535 GMT-0800,113.073,112.93700000000001,0.0132,0.0132
13.11.2023 06:43:38.948 GMT-0800,113.03399999999999,112.936,0.0009,0.0132
13.11.2023 06:43:39.507 GMT-0800,113.044,112.936,0.0132,0.0132
13.11.2023 06:43:43.093 GMT-0800,113.04299999999999,112.93700000000001,0.0132,0.0112
13.11.2023 06:43:43.194 GMT-0800,113.04299999999999,112.99700000000001,0.0132,0.0132
13.11.2023 06:43:43.366 GMT-0800,113.044,112.99600000000001,0.009,0.0112
13.11.2023 06:43:43.417 GMT-0800,113.17399999999999,112.99600000000001,0.0132,0.0132
13.11.2023 06:43:43.847 GMT-0800,113.154,112.99600000000001,0.0009,0.0132
13.11.2023 06:43:44.126 GMT-0800,113.134,112.99600000000001,0.0009,0.0132
13.11.2023 06:43:47.074 GMT-0800,113.133,112.99700000000001,0.0132,0.0112
13.11.2023 06:43:47.124 GMT-0800,113.133,112.99700000000001,0.0132,0.0132
13.11.2023 06:43:57.005 GMT-0800,113.104,112.99600000000001,0.0009,0.0112
13.11.2023 06:43:57.117 GMT-0800,113.103,113.04700000000001,0.0132,0.0132
13.11.2023 06:44:01.509 GMT-0800,113.164,113.10600000000001,0.0132,0.0132
13.11.2023 06:44:01.745 GMT-0800,113.26299999999999,113.10700000000001,0.0132,0.0132
13.11.2023 06:44:01.864 GMT-0800,113.17399999999999,113.10600000000001,0.0009,0.0132
13.11.2023 06:44:02.006 GMT-0800,113.173,113.10700000000001,0.009,0.0112
13.11.2023 06:44:02.056 GMT-0800,113.304,113.16600000000001,0.0132,0.0132
13.11.2023 06:44:02.429 GMT-0800,113.223,113.16700000000002,0.0009,0.0132
13.11.2023 06:44:04.803 GMT-0800,113.224,113.146,0.0132,0.0132
13.11.2023 06:44:05.098 GMT-0800,113.23299999999999,113.147,0.0132,0.0132
13.11.2023 06:44:06.757 GMT-0800,113.224,113.146,0.0009,0.0132
13.11.2023 06:44:08.014 GMT-0800,113.213,113.147,0.0009,0.0132
13.11.2023 06:44:08.343 GMT-0800,113.223,113.147,0.0132,0.0132
13.11.2023 06:44:10.904 GMT-0800,113.223,113.147,0.0132,0.0112
13.11.2023 06:44:10.955 GMT-0800,113.223,113.147,0.0132,0.0132
13.11.2023 06:44:12.895 GMT-0800,113.213,113.147,0.0009,0.0132
13.11.2023 06:44:13.212 GMT-0800,113.18299999999999,113.14200000000001,0.0009,0.009
13.11.2023 06:44:13.314 GMT-0800,113.164,113.02600000000001,0.0132,0.0132
13.11.2023 06:44:13.405 GMT-0800,113.164,113.02600000000001,0.0132,0.0112
13.11.2023 06:44:13.846 GMT-0800,113.164,113.02600000000001,0.0132,0.0132
13.11.2023 06:44:14.264 GMT-0800,113.17399999999999,113.02600000000001,0.0132,0.0132
13.11.2023 06:44:15.385 GMT-0800,113.173,113.02700000000002,0.0132,0.0112
13.11.2023 06:44:16.138 GMT-0800,113.193,113.087,0.0132,0.0132
13.11.2023 06:44:17.700 GMT-0800,113.204,113.08600000000001,0.0132,0.0132
13.11.2023 06:44:23.285 GMT-0800,113.204,113.08600000000001,0.0132,0.0112
13.11.2023 06:44:23.336 GMT-0800,113.20299999999999,113.087,0.0132,0.0132
13.11.2023 06:44:24.204 GMT-0800,113.224,113.08600000000001,0.0132,0.0132
13.11.2023 06:44:25.145 GMT-0800,113.223,113.087,0.0132,0.0112
13.11.2023 06:44:35.396 GMT-0800,113.253,113.147,0.0132,0.0132
13.11.2023 06:44:36.442 GMT-0800,113.274,113.146,0.0132,0.0132
13.11.2023 06:44:41.816 GMT-0800,113.274,113.19600000000001,0.0132,0.0132
13.11.2023 06:44:45.143 GMT-0800,113.274,113.126,0.0132,0.0132
13.11.2023 06:44:49.522 GMT-0800,113.234,113.126,0.0009,0.0132
13.11.2023 06:44:49.674 GMT-0800,113.264,113.116,0.0132,0.0132
13.11.2023 06:44:50.665 GMT-0800,113.29299999999999,113.117,0.0132,0.0132
13.11.2023 06:44:53.039 GMT-0800,113.304,113.116,0.0132,0.0132
13.11.2023 06:45:00.078 GMT-0800,113.304,113.116,0.0132,0.0112
13.11.2023 06:45:00.129 GMT-0800,113.303,113.117,0.0132,0.0112
13.11.2023 06:45:02.029 GMT-0800,113.253,113.13700000000001,0.0009,0.0132
13.11.2023 06:45:02.208 GMT-0800,113.304,113.13600000000001,0.0132,0.0132
13.11.2023 06:45:04.123 GMT-0800,113.303,113.13700000000001,0.0132,0.0112
13.11.2023 06:45:04.368 GMT-0800,113.304,113.156,0.009,0.0112
13.11.2023 06:45:04.419 GMT-0800,113.31299999999999,113.21700000000001,0.0132,0.0132
13.11.2023 06:45:09.547 GMT-0800,113.314,113.21600000000001,0.009,0.0112
13.11.2023 06:45:09.648 GMT-0800,113.323,113.24700000000001,0.0132,0.0132
13.11.2023 06:45:09.891 GMT-0800,113.32799999999999,113.24700000000001,0.009,0.0112
13.11.2023 06:45:09.941 GMT-0800,113.444,113.27600000000001,0.0132,0.0132
13.11.2023 06:45:19.899 GMT-0800,113.423,113.27700000000002,0.0009,0.0132
13.11.2023 06:45:21.642 GMT-0800,113.334,113.27600000000001,0.0009,0.0132
13.11.2023 06:45:21.693 GMT-0800,113.354,113.24600000000001,0.0132,0.0132
13.11.2023 06:45:22.185 GMT-0800,113.37299999999999,113.24700000000001,0.0132,0.0132
13.11.2023 06:45:32.062 GMT-0800,113.374,113.24600000000001,0.0132,0.0112
13.11.2023 06:45:32.113 GMT-0800,113.37299999999999,113.24700000000001,0.0132,0.0132
13.11.2023 06:45:43.470 GMT-0800,113.374,113.286,0.0132,0.0132
13.11.2023 06:45:43.586 GMT-0800,113.374,113.24600000000001,0.0132,0.0132
13.11.2023 06:45:44.585 GMT-0800,113.363,113.24700000000001,0.0009,0.0132
13.11.2023 06:45:44.636 GMT-0800,113.374,113.24600000000001,0.0132,0.0132
13.11.2023 06:45:48.080 GMT-0800,113.37299999999999,113.24700000000001,0.0132,0.0112
13.11.2023 06:45:54.550 GMT-0800,113.34299999999999,113.287,0.0009,0.0132
13.11.2023 06:46:02.081 GMT-0800,113.374,113.286,0.0132,0.0132
13.11.2023 06:46:02.142 GMT-0800,113.363,113.287,0.0009,0.0132
13.11.2023 06:46:02.193 GMT-0800,113.37299999999999,113.287,0.0132,0.0132
13.11.2023 06:46:02.887 GMT-0800,113.364,113.286,0.0009,0.0132
13.11.2023 06:46:03.121 GMT-0800,113.37299999999999,113.287,0.0132,0.0132
13.11.2023 06:46:04.445 GMT-0800,113.363,113.287,0.009,0.0132
13.11.2023 06:46:04.623 GMT-0800,113.374,113.286,0.0132,0.0132
13.11.2023 06:46:05.201 GMT-0800,113.364,113.286,0.0009,0.0132
13.11.2023 06:46:05.355 GMT-0800,113.374,113.286,0.0132,0.0132
13.11.2023 06:46:05.701 GMT-0800,113.363,113.287,0.0009,0.0132
13.11.2023 06:46:06.127 GMT-0800,113.374,113.286,0.0132,0.0132
13.11.2023 06:46:06.381 GMT-0800,113.363,113.287,0.0009,0.0132
13.11.2023 06:46:06.483 GMT-0800,113.374,113.286,0.0132,0.0132
13.11.2023 06:46:08.653 GMT-0800,113.363,113.287,0.0009,0.0132
13.11.2023 06:46:09.760 GMT-0800,113.37299999999999,113.287,0.0132,0.0132
13.11.2023 06:46:20.458 GMT-0800,113.374,113.286,0.0132,0.0112
13.11.2023 06:46:22.529 GMT-0800,113.363,113.29700000000001,0.0009,0.0132
13.11.2023 06:46:22.580 GMT-0800,113.37299999999999,113.29700000000001,0.0132,0.0132
13.11.2023 06:46:22.819 GMT-0800,113.34299999999999,113.29700000000001,0.0009,0.009
13.11.2023 06:46:22.870 GMT-0800,113.274,113.24600000000001,0.0132,0.0132
13.11.2023 06:46:23.024 GMT-0800,113.264,113.24600000000001,0.0009,0.009
13.11.2023 06:46:23.075 GMT-0800,113.274,113.226,0.0132,0.0132
13.11.2023 06:46:27.407 GMT-0800,113.324,113.236,0.0132,0.0132
13.11.2023 06:46:27.576 GMT-0800,113.324,113.226,0.0132,0.0132
13.11.2023 06:46:31.005 GMT-0800,113.324,113.226,0.009,0.0112
13.11.2023 06:46:31.056 GMT-0800,113.363,113.23700000000001,0.0132,0.0132
13.11.2023 06:46:31.737 GMT-0800,113.364,113.236,0.0132,0.0112
13.11.2023 06:46:32.644 GMT-0800,113.364,113.316,0.0132,0.0112
13.11.2023 06:46:32.695 GMT-0800,113.364,113.316,0.0132,0.0132
13.11.2023 06:46:35.458 GMT-0800,113.37299999999999,113.31700000000001,0.0132,0.0132
13.11.2023 06:46:36.693 GMT-0800,113.363,113.31700000000001,0.0009,0.0132
13.11.2023 06:46:36.743 GMT-0800,113.374,113.316,0.0132,0.0132
13.11.2023 06:46:37.227 GMT-0800,113.353,113.31700000000001,0.0009,0.009
13.11.2023 06:46:37.278 GMT-0800,113.37299999999999,113.31700000000001,0.0132,0.009
13.11.2023 06:46:37.329 GMT-0800,113.37299999999999,113.24700000000001,0.0132,0.0132
13.11.2023 06:46:38.409 GMT-0800,113.374,113.24600000000001,0.0132,0.0112
13.11.2023 06:46:38.461 GMT-0800,113.37299999999999,113.24700000000001,0.0132,0.0132
13.11.2023 06:46:39.456 GMT-0800,113.37299999999999,113.24700000000001,0.0132,0.0112
13.11.2023 06:46:39.507 GMT-0800,113.37299999999999,113.24700000000001,0.0132,0.0132
13.11.2023 06:46:39.973 GMT-0800,113.363,113.24700000000001,0.0009,0.0132
13.11.2023 06:46:40.444 GMT-0800,113.37299999999999,113.29700000000001,0.0132,0.0132
13.11.2023 06:46:41.448 GMT-0800,113.364,113.296,0.0009,0.0132
13.11.2023 06:46:41.611 GMT-0800,113.374,113.296,0.0132,0.0132
13.11.2023 06:46:42.029 GMT-0800,113.344,113.296,0.0009,0.009
13.11.2023 06:46:42.080 GMT-0800,113.344,113.176,0.0132,0.0132
13.11.2023 06:46:43.158 GMT-0800,113.344,113.156,0.0132,0.0132
13.11.2023 06:46:43.943 GMT-0800,113.344,113.156,0.0132,0.0112
13.11.2023 06:46:46.701 GMT-0800,113.344,113.156,0.0132,0.0132
13.11.2023 06:46:48.021 GMT-0800,113.314,113.156,0.0009,0.0132
13.11.2023 06:46:48.832 GMT-0800,113.304,113.156,0.0009,0.0112
13.11.2023 06:46:48.933 GMT-0800,113.273,113.15700000000001,0.0132,0.0132
13.11.2023 06:46:50.890 GMT-0800,113.29299999999999,113.15700000000001,0.0132,0.0132
13.11.2023 06:46:51.461 GMT-0800,113.283,113.15700000000001,0.0009,0.0132
13.11.2023 06:46:58.179 GMT-0800,113.283,113.15700000000001,0.0132,0.0112
13.11.2023 06:46:58.865 GMT-0800,113.28399999999999,113.176,0.0132,0.0112
13.11.2023 06:47:04.161 GMT-0800,113.283,113.177,0.0132,0.0132
13.11.2023 06:47:08.228 GMT-0800,113.28399999999999,113.156,0.0132,0.0112
13.11.2023 06:47:10.460 GMT-0800,113.28399999999999,113.226,0.0132,0.0112
13.11.2023 06:47:17.603 GMT-0800,113.283,113.23700000000001,0.009,0.0112
13.11.2023 06:47:17.654 GMT-0800,113.29299999999999,113.23700000000001,0.0132,0.0132
13.11.2023 06:47:18.455 GMT-0800,113.294,113.226,0.0132,0.0132
13.11.2023 06:47:21.469 GMT-0800,113.304,113.226,0.0132,0.0132
13.11.2023 06:47:23.233 GMT-0800,113.334,113.226,0.0132,0.0132
13.11.2023 06:47:35.074 GMT-0800,113.273,113.227,0.0009,0.0132
13.11.2023 06:47:35.125 GMT-0800,113.333,113.227,0.0132,0.0132
13.11.2023 06:47:35.352 GMT-0800,113.273,113.227,0.0009,0.0132
13.11.2023 06:47:35.402 GMT-0800,113.334,113.226,0.0132,0.0132
13.11.2023 06:47:35.536 GMT-0800,113.273,113.227,0.0009,0.009
13.11.2023 06:47:35.586 GMT-0800,113.273,113.15700000000001,0.0132,0.0132
13.11.2023 06:47:38.738 GMT-0800,113.274,113.156,0.0132,0.0112
13.11.2023 06:47:39.535 GMT-0800,113.273,113.15700000000001,0.0132,0.0132
13.11.2023 06:47:44.537 GMT-0800,113.28399999999999,113.13600000000001,0.0132,0.0112
13.11.2023 06:47:46.073 GMT-0800,113.283,113.147,0.0132,0.0132
13.11.2023 06:47:49.124 GMT-0800,113.273,113.147,0.0009,0.0132
13.11.2023 06:47:50.068 GMT-0800,113.283,113.147,0.0132,0.0132
13.11.2023 06:47:50.721 GMT-0800,113.283,113.147,0.0132,0.0112
13.11.2023 06:47:55.924 GMT-0800,113.254,113.16600000000001,0.0009,0.0132
13.11.2023 06:47:55.975 GMT-0800,113.283,113.147,0.0132,0.0132
13.11.2023 06:47:59.461 GMT-0800,113.283,113.147,0.0132,0.0112
13.11.2023 06:47:59.919 GMT-0800,113.28399999999999,113.16600000000001,0.0132,0.0132
13.11.2023 06:48:00.429 GMT-0800,113.283,113.16700000000002,0.0132,0.0112
13.11.2023 06:48:00.480 GMT-0800,113.283,113.147,0.0132,0.0132
13.11.2023 06:48:00.531 GMT-0800,113.28399999999999,113.16600000000001,0.0132,0.0132
13.11.2023 06:48:05.921 GMT-0800,113.28399999999999,113.146,0.0132,0.0132
13.11.2023 06:48:11.351 GMT-0800,113.283,113.147,0.0132,0.0112
13.11.2023 06:48:11.402 GMT-0800,113.283,113.147,0.0132,0.0132
13.11.2023 06:48:11.820 GMT-0800,113.264,113.146,0.0009,0.0132
13.11.2023 06:48:11.921 GMT-0800,113.243,113.15700000000001,0.0132,0.0132
13.11.2023 06:48:12.774 GMT-0800,113.23299999999999,113.15700000000001,0.0009,0.0132
13.11.2023 06:48:12.825 GMT-0800,113.23299999999999,113.087,0.0132,0.0132
13.11.2023 06:48:12.880 GMT-0800,113.23299999999999,113.087,0.009,0.0112
13.11.2023 06:48:12.931 GMT-0800,113.244,113.10600000000001,0.0132,0.0132
13.11.2023 06:48:13.084 GMT-0800,113.234,113.10600000000001,0.0009,0.0132
13.11.2023 06:48:13.135 GMT-0800,113.243,113.10700000000001,0.0132,0.0132
13.11.2023 06:48:18.288 GMT-0800,113.23299999999999,113.10700000000001,0.0009,0.0132
13.11.2023 06:48:18.496 GMT-0800,113.244,113.10600000000001,0.0132,0.0132
13.11.2023 06:48:22.710 GMT-0800,113.23299999999999,113.10700000000001,0.0009,0.0132
13.11.2023 06:48:23.143 GMT-0800,113.244,113.07600000000001,0.0132,0.0132
13.11.2023 06:48:24.405 GMT-0800,113.23299999999999,113.07700000000001,0.0009,0.0132
13.11.2023 06:48:24.534 GMT-0800,113.244,113.08600000000001,0.0132,0.0132
13.11.2023 06:48:25.604 GMT-0800,113.213,113.087,0.0009,0.0132
13.11.2023 06:48:26.244 GMT-0800,113.194,113.08600000000001,0.0009,0.009
13.11.2023 06:48:26.295 GMT-0800,113.194,113.07600000000001,0.0132,0.0132
13.11.2023 06:48:27.070 GMT-0800,113.163,113.07700000000001,0.0009,0.009
13.11.2023 06:48:27.121 GMT-0800,113.164,113.02600000000001,0.0132,0.0132
13.11.2023 06:48:27.385 GMT-0800,113.163,113.04700000000001,0.0132,0.0132
13.11.2023 06:48:27.436 GMT-0800,113.163,113.02700000000002,0.0132,0.0132
13.11.2023 06:48:28.452 GMT-0800,113.163,113.02700000000002,0.0132,0.0112
13.11.2023 06:48:29.129 GMT-0800,113.15299999999999,113.05700000000002,0.0009,0.0132
13.11.2023 06:48:31.687 GMT-0800,113.143,113.05700000000002,0.0009,0.0132
13.11.2023 06:48:33.366 GMT-0800,113.133,113.05700000000002,0.0009,0.0132
13.11.2023 06:48:33.467 GMT-0800,113.143,113.05700000000002,0.0132,0.0132
13.11.2023 06:48:34.662 GMT-0800,113.134,113.05600000000001,0.0009,0.0132
13.11.2023 06:48:34.712 GMT-0800,113.143,113.05700000000002,0.0132,0.0132
13.11.2023 06:48:35.436 GMT-0800,113.133,113.05700000000002,0.0009,0.0132
13.11.2023 06:48:35.617 GMT-0800,113.144,113.05600000000001,0.0132,0.0132
13.11.2023 06:48:36.272 GMT-0800,113.134,113.05600000000001,0.0009,0.0132
13.11.2023 06:48:36.322 GMT-0800,113.143,113.05700000000002,0.0132,0.0132
13.11.2023 06:48:36.487 GMT-0800,113.133,113.05700000000002,0.0009,0.0132
13.11.2023 06:48:37.355 GMT-0800,113.133,113.05700000000002,0.0132,0.0112
13.11.2023 06:48:38.478 GMT-0800,113.143,113.07700000000001,0.0132,0.0132
13.11.2023 06:48:49.626 GMT-0800,113.204,113.07600000000001,0.0132,0.0132
13.11.2023 06:48:49.676 GMT-0800,113.144,113.07600000000001,0.0132,0.0132
13.11.2023 06:48:49.727 GMT-0800,113.15299999999999,113.07700000000001,0.0132,0.0132
13.11.2023 06:48:50.017 GMT-0800,113.144,113.07600000000001,0.0009,0.0132
13.11.2023 06:48:50.117 GMT-0800,113.154,113.07600000000001,0.0132,0.0132
13.11.2023 06:48:51.898 GMT-0800,113.143,113.07700000000001,0.0009,0.0132
13.11.2023 06:48:55.292 GMT-0800,113.143,113.07700000000001,0.009,0.0112
13.11.2023 06:48:55.343 GMT-0800,113.124,113.07600000000001,0.0132,0.0132
13.11.2023 06:48:57.167 GMT-0800,113.124,113.07600000000001,0.0132,0.0112
13.11.2023 06:48:57.413 GMT-0800,113.113,113.087,0.0009,0.009
13.11.2023 06:48:57.464 GMT-0800,113.113,113.07700000000001,0.0132,0.0132
13.11.2023 06:48:57.515 GMT-0800,113.103,113.05700000000002,0.0132,0.0132
13.11.2023 06:48:58.006 GMT-0800,113.103,113.05700000000002,0.009,0.0112
13.11.2023 06:48:58.057 GMT-0800,113.154,113.07600000000001,0.0132,0.0132
13.11.2023 06:49:00.312 GMT-0800,113.134,113.07600000000001,0.0009,0.0132
13.11.2023 06:49:03.633 GMT-0800,113.134,113.07600000000001,0.009,0.0112
13.11.2023 06:49:03.684 GMT-0800,113.15299999999999,113.10700000000001,0.0132,0.0132
13.11.2023 06:49:16.445 GMT-0800,113.15299999999999,113.10700000000001,0.009,0.0112
13.11.2023 06:49:16.660 GMT-0800,113.204,113.13600000000001,0.0132,0.0132
13.11.2023 06:49:16.950 GMT-0800,113.173,113.13700000000001,0.0009,0.009
13.11.2023 06:49:17.001 GMT-0800,113.173,113.10700000000001,0.009,0.0132
13.11.2023 06:49:17.052 GMT-0800,113.20299999999999,113.10700000000001,0.0132,0.0132
13.11.2023 06:49:17.417 GMT-0800,113.204,113.10600000000001,0.0132,0.0112
13.11.2023 06:49:17.468 GMT-0800,113.20299999999999,113.10700000000001,0.0132,0.0132
13.11.2023 06:49:18.759 GMT-0800,113.164,113.10600000000001,0.0009,0.0132
13.11.2023 06:49:31.246 GMT-0800,113.143,113.10700000000001,0.0009,0.009
13.11.2023 06:49:31.297 GMT-0800,113.143,113.07700000000001,0.0132,0.0132
13.11.2023 06:49:31.478 GMT-0800,113.143,113.07700000000001,0.009,0.0112
13.11.2023 06:49:31.529 GMT-0800,113.163,113.07700000000001,0.0132,0.0132
13.11.2023 06:49:33.893 GMT-0800,113.164,113.07600000000001,0.009,0.0112
13.11.2023 06:49:33.944 GMT-0800,113.214,113.08600000000001,0.0132,0.0132
13.11.2023 06:49:34.245 GMT-0800,113.213,113.087,0.0132,0.0112
13.11.2023 06:49:39.477 GMT-0800,113.254,113.10600000000001,0.0132,0.0132
13.11.2023 06:49:39.899 GMT-0800,113.253,113.147,0.0132,0.0132
13.11.2023 06:49:40.042 GMT-0800,113.264,113.146,0.0132,0.0132
13.11.2023 06:49:42.115 GMT-0800,113.264,113.13600000000001,0.0132,0.0132
13.11.2023 06:49:42.534 GMT-0800,113.26299999999999,113.13700000000001,0.0132,0.0112
13.11.2023 06:49:42.585 GMT-0800,113.26299999999999,113.13700000000001,0.0132,0.0132
13.11.2023 06:49:43.120 GMT-0800,113.26299999999999,113.13700000000001,0.009,0.0112
13.11.2023 06:49:43.171 GMT-0800,113.304,113.13600000000001,0.0132,0.0132
13.11.2023 06:49:43.221 GMT-0800,113.304,113.156,0.0132,0.0132
13.11.2023 06:49:43.472 GMT-0800,113.304,113.13600000000001,0.0132,0.0132
13.11.2023 06:49:44.989 GMT-0800,113.303,113.13700000000001,0.0132,0.0112
13.11.2023 06:49:46.881 GMT-0800,113.28399999999999,113.156,0.0009,0.0132
13.11.2023 06:49:46.932 GMT-0800,113.304,113.156,0.0132,0.0132
13.11.2023 06:49:49.410 GMT-0800,113.304,113.156,0.0132,0.0112
13.11.2023 06:49:52.805 GMT-0800,113.274,113.206,0.0009,0.0132
13.11.2023 06:50:02.976 GMT-0800,113.274,113.206,0.0132,0.0112
13.11.2023 06:50:04.979 GMT-0800,113.274,113.21600000000001,0.0132,0.0112
13.11.2023 06:50:06.027 GMT-0800,113.273,113.20700000000001,0.0132,0.0132
13.11.2023 06:50:06.979 GMT-0800,113.273,113.20700000000001,0.0132,0.0112
13.11.2023 06:50:07.029 GMT-0800,113.304,113.24600000000001,0.0132,0.0132
13.11.2023 06:50:07.080 GMT-0800,113.304,113.176,0.0132,0.0132
13.11.2023 06:50:09.215 GMT-0800,113.304,113.176,0.0132,0.0112
13.11.2023 06:50:11.712 GMT-0800,113.303,113.18700000000001,0.0132,0.0112
13.11.2023 06:50:11.763 GMT-0800,113.303,113.18700000000001,0.0132,0.0132
13.11.2023 06:50:12.136 GMT-0800,113.303,113.18700000000001,0.0132,0.0112
13.11.2023 06:50:13.530 GMT-0800,113.304,113.206,0.0132,0.0132
13.11.2023 06:50:16.823 GMT-0800,113.304,113.206,0.009,0.0112
13.11.2023 06:50:16.874 GMT-0800,113.383,113.287,0.0132,0.0132
13.11.2023 06:50:17.016 GMT-0800,113.374,113.286,0.0009,0.0132
13.11.2023 06:50:18.156 GMT-0800,113.363,113.287,0.0009,0.009
13.11.2023 06:50:18.207 GMT-0800,113.383,113.257,0.0132,0.0132
13.11.2023 06:50:18.320 GMT-0800,113.383,113.197,0.0132,0.0132
13.11.2023 06:50:19.329 GMT-0800,113.353,113.197,0.0009,0.0132
13.11.2023 06:50:22.264 GMT-0800,113.354,113.19600000000001,0.0132,0.0112
13.11.2023 06:50:26.459 GMT-0800,113.334,113.236,0.0009,0.0132
13.11.2023 06:50:26.797 GMT-0800,113.324,113.236,0.0009,0.0132
13.11.2023 06:50:26.949 GMT-0800,113.334,113.236,0.0132,0.0132
13.11.2023 06:50:27.038 GMT-0800,113.314,113.236,0.0009,0.0132
13.11.2023 06:50:30.430 GMT-0800,113.31299999999999,113.23700000000001,0.0132,0.0112
13.11.2023 06:50:30.481 GMT-0800,113.314,113.236,0.0132,0.0132
13.11.2023 06:50:42.418 GMT-0800,113.354,113.236,0.0132,0.0132
13.11.2023 06:50:43.392 GMT-0800,113.353,113.227,0.0132,0.0132
13.11.2023 06:50:49.054 GMT-0800,113.34299999999999,113.227,0.0009,0.009
13.11.2023 06:50:49.105 GMT-0800,113.34299999999999,113.21700000000001,0.0132,0.0132
13.11.2023 06:50:51.729 GMT-0800,113.344,113.21600000000001,0.0132,0.0112
13.11.2023 06:50:54.499 GMT-0800,113.344,113.236,0.0132,0.0112
13.11.2023 06:50:58.818 GMT-0800,113.384,113.296,0.0132,0.0132
13.11.2023 06:51:00.880 GMT-0800,113.304,113.296,0.0009,0.009
13.11.2023 06:51:00.931 GMT-0800,113.383,113.29700000000001,0.012,0.009
13.11.2023 06:51:00.982 GMT-0800,113.28399999999999,113.21600000000001,0.0132,0.0132
13.11.2023 06:51:01.083 GMT-0800,113.294,113.21600000000001,0.0132,0.0132
13.11.2023 06:51:02.448 GMT-0800,113.28399999999999,113.21600000000001,0.0009,0.0132
13.11.2023 06:51:02.600 GMT-0800,113.294,113.21600000000001,0.0132,0.0132
13.11.2023 06:51:09.663 GMT-0800,113.283,113.21700000000001,0.0009,0.0132
13.11.2023 06:51:09.714 GMT-0800,113.273,113.13700000000001,0.0132,0.0132
13.11.2023 06:51:09.769 GMT-0800,113.254,113.13600000000001,0.0009,0.0132
13.11.2023 06:51:10.345 GMT-0800,113.254,113.13600000000001,0.0132,0.0112
13.11.2023 06:51:11.058 GMT-0800,113.254,113.186,0.0132,0.0112
13.11.2023 06:51:11.109 GMT-0800,113.254,113.186,0.0132,0.0132
13.11.2023 06:51:11.210 GMT-0800,113.274,113.186,0.0132,0.0132
13.11.2023 06:51:14.543 GMT-0800,113.273,113.18700000000001,0.0132,0.0112
13.11.2023 06:51:14.904 GMT-0800,113.273,113.18700000000001,0.0132,0.0132
13.11.2023 06:51:19.147 GMT-0800,113.264,113.186,0.0009,0.0112
13.11.2023 06:51:19.249 GMT-0800,113.264,113.206,0.0132,0.009
13.11.2023 06:51:19.300 GMT-0800,113.264,113.186,0.0132,0.0132
13.11.2023 06:51:24.351 GMT-0800,113.26299999999999,113.18700000000001,0.0132,0.0112
13.11.2023 06:51:24.402 GMT-0800,113.26299999999999,113.18700000000001,0.0132,0.0132
13.11.2023 06:51:32.638 GMT-0800,113.253,113.18700000000001,0.0009,0.0132
13.11.2023 06:51:32.753 GMT-0800,113.244,113.186,0.0009,0.0132
13.11.2023 06:51:37.177 GMT-0800,113.244,113.126,0.0132,0.0132
13.11.2023 06:51:37.712 GMT-0800,113.23299999999999,113.12700000000001,0.0009,0.009
13.11.2023 06:51:37.814 GMT-0800,113.23299999999999,113.117,0.0132,0.0112
13.11.2023 06:51:38.413 GMT-0800,113.234,113.116,0.0132,0.0132
13.11.2023 06:51:38.727 GMT-0800,113.234,113.116,0.0132,0.0112
13.11.2023 06:51:39.645 GMT-0800,113.234,113.16600000000001,0.0132,0.0112
13.11.2023 06:51:43.421 GMT-0800,113.23299999999999,113.117,0.0132,0.0132
13.11.2023 06:51:45.861 GMT-0800,113.223,113.117,0.0009,0.0132
13.11.2023 06:51:47.252 GMT-0800,113.224,113.116,0.0132,0.0112
13.11.2023 06:51:47.922 GMT-0800,113.224,113.116,0.0132,0.0132
13.11.2023 06:51:48.669 GMT-0800,113.223,113.117,0.0132,0.0112
13.11.2023 06:51:48.846 GMT-0800,113.223,113.12700000000001,0.0132,0.0132
13.11.2023 06:51:49.063 GMT-0800,113.224,113.116,0.0132,0.0132
13.11.2023 06:51:49.249 GMT-0800,113.224,113.116,0.0132,0.0112
13.11.2023 06:51:49.300 GMT-0800,113.224,113.116,0.0132,0.0132
13.11.2023 06:51:51.627 GMT-0800,113.223,113.117,0.0132,0.0112
13.11.2023 06:51:51.906 GMT-0800,113.223,113.16700000000002,0.009,0.0112
13.11.2023 06:51:51.957 GMT-0800,113.223,113.16700000000002,0.009,0.009
13.11.2023 06:51:52.008 GMT-0800,113.23299999999999,113.12700000000001,0.0132,0.0132
13.11.2023 06:51:52.820 GMT-0800,113.23299999999999,113.12700000000001,0.0132,0.0112
13.11.2023 06:51:55.561 GMT-0800,113.234,113.13600000000001,0.0132,0.0132
13.11.2023 06:52:06.540 GMT-0800,113.214,113.13600000000001,0.0009,0.009
13.11.2023 06:52:06.591 GMT-0800,113.234,113.116,0.0132,0.0132
13.11.2023 06:52:10.382 GMT-0800,113.234,113.116,0.0132,0.0112
13.11.2023 06:52:10.433 GMT-0800,113.234,113.116,0.0132,0.0132
13.11.2023 06:52:17.014 GMT-0800,113.204,113.116,0.0132,0.0132
13.11.2023 06:52:17.743 GMT-0800,113.224,113.116,0.0132,0.0132
13.11.2023 06:52:20.195 GMT-0800,113.244,113.116,0.0132,0.0132
13.11.2023 06:52:22.554 GMT-0800,113.23299999999999,113.117,0.0009,0.0132
13.11.2023 06:52:22.744 GMT-0800,113.243,113.117,0.0132,0.0132
13.11.2023 06:52:23.276 GMT-0800,113.244,113.116,0.0132,0.0112
13.11.2023 06:52:23.427 GMT-0800,113.243,113.117,0.0132,0.0132
13.11.2023 06:52:23.487 GMT-0800,113.234,113.116,0.0009,0.0132
13.11.2023 06:52:26.788 GMT-0800,113.20299999999999,113.117,0.0009,0.009
13.11.2023 06:52:26.839 GMT-0800,113.20299999999999,113.087,0.0132,0.0132
13.11.2023 06:52:27.164 GMT-0800,113.213,113.087,0.0009,0.0132
13.11.2023 06:52:27.564 GMT-0800,113.23299999999999,113.087,0.009,0.0132
13.11.2023 06:52:27.615 GMT-0800,113.204,113.08600000000001,0.0009,0.0132
13.11.2023 06:52:30.537 GMT-0800,113.253,113.087,0.0132,0.0132
13.11.2023 06:52:36.167 GMT-0800,113.224,113.08600000000001,0.0009,0.0132
13.11.2023 06:52:36.309 GMT-0800,113.213,113.087,0.0009,0.0132
13.11.2023 06:52:36.410 GMT-0800,113.224,113.08600000000001,0.0132,0.0132
13.11.2023 06:52:36.947 GMT-0800,113.214,113.08600000000001,0.0009,0.0132
13.11.2023 06:52:37.072 GMT-0800,113.224,113.08600000000001,0.0132,0.0132
13.11.2023 06:52:38.056 GMT-0800,113.224,113.07600000000001,0.0132,0.0132
13.11.2023 06:52:38.370 GMT-0800,113.194,113.07600000000001,0.0009,0.0132
13.11.2023 06:52:39.333 GMT-0800,113.18299999999999,113.07700000000001,0.009,0.0132
13.11.2023 06:52:39.383 GMT-0800,113.193,113.07700000000001,0.0132,0.0132
13.11.2023 06:52:42.874 GMT-0800,113.193,113.07700000000001,0.0132,0.0112
13.11.2023 06:52:44.552 GMT-0800,113.18299999999999,113.09700000000001,0.0009,0.0132
13.11.2023 06:52:44.712 GMT-0800,113.193,113.09700000000001,0.0132,0.0132
13.11.2023 06:52:49.762 GMT-0800,113.184,113.096,0.0009,0.0132
13.11.2023 06:52:49.977 GMT-0800,113.193,113.09700000000001,0.0132,0.0132
13.11.2023 06:52:50.041 GMT-0800,113.184,113.096,0.0009,0.0132
13.11.2023 06:52:51.546 GMT-0800,113.163,113.09700000000001,0.0009,0.0132
13.11.2023 06:53:06.665 GMT-0800,113.154,113.096,0.0009,0.0132
13.11.2023 06:53:06.716 GMT-0800,113.164,113.096,0.0132,0.0132
13.11.2023 06:53:07.230 GMT-0800,113.164,113.096,0.0132,0.0112
13.11.2023 06:53:09.343 GMT-0800,113.164,113.096,0.0132,0.0132
13.11.2023 06:53:24.281 GMT-0800,113.26299999999999,113.117,0.0132,0.0132
13.11.2023 06:53:24.382 GMT-0800,113.224,113.116,0.0009,0.0132
13.11.2023 06:53:24.873 GMT-0800,113.223,113.117,0.0132,0.0112
13.11.2023 06:53:26.793 GMT-0800,113.223,113.12700000000001,0.0132,0.0132
13.11.2023 06:53:30.514 GMT-0800,113.224,113.126,0.009,0.0112
13.11.2023 06:53:30.565 GMT-0800,113.264,113.186,0.0132,0.0132
13.11.2023 06:53:34.494 GMT-0800,113.264,113.186,0.0132,0.0112
13.11.2023 06:53:35.294 GMT-0800,113.264,113.226,0.0132,0.0132
13.11.2023 06:53:35.554 GMT-0800,113.26299999999999,113.21700000000001,0.0132,0.0132
13.11.2023 06:53:35.745 GMT-0800,113.264,113.21600000000001,0.009,0.0112
13.11.2023 06:53:35.796 GMT-0800,113.28399999999999,113.24600000000001,0.0132,0.0132
13.11.2023 06:53:35.948 GMT-0800,113.283,113.21700000000001,0.0132,0.0132
13.11.2023 06:53:37.369 GMT-0800,113.283,113.21700000000001,0.009,0.0112
13.11.2023 06:53:37.419 GMT-0800,113.364,113.296,0.0132,0.0132
13.11.2023 06:53:37.470 GMT-0800,113.363,113.227,0.0132,0.0132
13.11.2023 06:53:38.529 GMT-0800,113.363,113.227,0.0132,0.0112
13.11.2023 06:53:40.086 GMT-0800,113.324,113.27600000000001,0.0009,0.0132
13.11.2023 06:53:48.632 GMT-0800,113.323,113.227,0.0132,0.0132
13.11.2023 06:53:50.518 GMT-0800,113.323,113.227,0.0132,0.0112
13.11.2023 06:53:50.722 GMT-0800,113.31299999999999,113.24700000000001,0.0009,0.0132
13.11.2023 06:53:50.773 GMT-0800,113.323,113.24700000000001,0.0132,0.0132
13.11.2023 06:53:50.824 GMT-0800,113.274,113.24600000000001,0.0009,0.0132
13.11.2023 06:53:50.875 GMT-0800,113.304,113.24600000000001,0.0132,0.0132
13.11.2023 06:53:50.927 GMT-0800,113.274,113.24600000000001,0.0132,0.0132
13.11.2023 06:53:51.063 GMT-0800,113.26299999999999,113.24700000000001,0.0009,0.009
13.11.2023 06:53:51.114 GMT-0800,113.273,113.21700000000001,0.0132,0.0132
13.11.2023 06:53:54.711 GMT-0800,113.273,113.20700000000001,0.0132,0.0132
13.11.2023 06:54:05.717 GMT-0800,113.254,113.206,0.0009,0.0132
13.11.2023 06:54:05.768 GMT-0800,113.273,113.20700000000001,0.0132,0.0132
13.11.2023 06:54:05.968 GMT-0800,113.28399999999999,113.206,0.0132,0.0132
13.11.2023 06:54:06.996 GMT-0800,113.253,113.20700000000001,0.0009,0.0132
13.11.2023 06:54:12.434 GMT-0800,113.234,113.186,0.0132,0.0132
13.11.2023 06:54:12.672 GMT-0800,113.253,113.18700000000001,0.0132,0.0132
13.11.2023 06:54:16.263 GMT-0800,113.254,113.186,0.0132,0.0112
13.11.2023 06:54:16.519 GMT-0800,113.283,113.197,0.0132,0.0132
13.11.2023 06:54:16.927 GMT-0800,113.283,113.197,0.0132,0.0112
13.11.2023 06:54:17.029 GMT-0800,113.31299999999999,113.197,0.0132,0.0132
13.11.2023 06:54:17.229 GMT-0800,113.31299999999999,113.197,0.0132,0.0112
13.11.2023 06:54:17.280 GMT-0800,113.31299999999999,113.197,0.0132,0.0132
13.11.2023 06:54:17.336 GMT-0800,113.314,113.19600000000001,0.009,0.0112
13.11.2023 06:54:17.387 GMT-0800,113.364,113.19600000000001,0.0132,0.0132
13.11.2023 06:54:18.020 GMT-0800,113.37299999999999,113.197,0.0132,0.0132
13.11.2023 06:54:22.201 GMT-0800,113.353,113.197,0.0009,0.0132
13.11.2023 06:54:22.490 GMT-0800,113.364,113.19600000000001,0.0132,0.0132
13.11.2023 06:54:24.103 GMT-0800,113.354,113.19600000000001,0.0009,0.0132
13.11.2023 06:54:24.154 GMT-0800,113.374,113.19600000000001,0.0132,0.0132
13.11.2023 06:54:32.726 GMT-0800,113.37299999999999,113.197,0.0132,0.0112
13.11.2023 06:54:32.778 GMT-0800,113.374,113.226,0.0132,0.0132
13.11.2023 06:54:33.056 GMT-0800,113.37299999999999,113.20700000000001,0.0132,0.0132
13.11.2023 06:54:33.442 GMT-0800,113.363,113.20700000000001,0.0009,0.0132
13.11.2023 06:54:36.678 GMT-0800,113.364,113.206,0.0132,0.0112
13.11.2023 06:54:36.834 GMT-0800,113.364,113.206,0.0132,0.0132
13.11.2023 06:54:38.789 GMT-0800,113.363,113.20700000000001,0.0132,0.0112
13.11.2023 06:54:39.559 GMT-0800,113.363,113.20700000000001,0.0132,0.009
13.11.2023 06:54:39.660 GMT-0800,113.364,113.19600000000001,0.0132,0.0132
13.11.2023 06:54:39.740 GMT-0800,113.363,113.197,0.0132,0.0112
13.11.2023 06:54:39.790 GMT-0800,113.363,113.197,0.0132,0.0132
13.11.2023 06:54:40.183 GMT-0800,113.364,113.19600000000001,0.0132,0.0112
13.11.2023 06:54:40.922 GMT-0800,113.364,113.19600000000001,0.0132,0.0132
13.11.2023 06:54:41.070 GMT-0800,113.364,113.19600000000001,0.0132,0.0112
13.11.2023 06:54:44.841 GMT-0800,113.364,113.19600000000001,0.0132,0.0132
13.11.2023 06:54:45.116 GMT-0800,113.363,113.197,0.0132,0.0112
13.11.2023 06:54:46.714 GMT-0800,113.364,113.19600000000001,0.0132,0.0132
13.11.2023 06:54:46.769 GMT-0800,113.364,113.19600000000001,0.0132,0.0112
13.11.2023 06:54:46.820 GMT-0800,113.364,113.19600000000001,0.0132,0.0132
13.11.2023 06:54:48.251 GMT-0800,113.31299999999999,113.197,0.0009,0.0132
13.11.2023 06:54:49.111 GMT-0800,113.314,113.19600000000001,0.0132,0.0112
13.11.2023 06:54:49.219 GMT-0800,113.314,113.206,0.0132,0.0132
13.11.2023 06:54:49.269 GMT-0800,113.31299999999999,113.257,0.0132,0.0132
13.11.2023 06:54:49.379 GMT-0800,113.314,113.19600000000001,0.0132,0.0132
13.11.2023 06:54:49.604 GMT-0800,113.314,113.19600000000001,0.0132,0.0112
13.11.2023 06:54:49.807 GMT-0800,113.314,113.19600000000001,0.0132,0.0132
13.11.2023 06:54:50.800 GMT-0800,113.314,113.19600000000001,0.0132,0.0112
13.11.2023 06:54:55.407 GMT-0800,113.31299999999999,113.20700000000001,0.0132,0.0112
13.11.2023 06:54:59.734 GMT-0800,113.314,113.21600000000001,0.0132,0.0132
13.11.2023 06:55:00.172 GMT-0800,113.31299999999999,113.20700000000001,0.0132,0.0132
13.11.2023 06:55:03.405 GMT-0800,113.314,113.206,0.0132,0.0112
13.11.2023 06:55:03.696 GMT-0800,113.274,113.21600000000001,0.0009,0.0132
13.11.2023 06:55:03.747 GMT-0800,113.294,113.21600000000001,0.0132,0.0132
13.11.2023 06:55:04.504 GMT-0800,113.29299999999999,113.21700000000001,0.0132,0.0112
13.11.2023 06:55:04.555 GMT-0800,113.29299999999999,113.21700000000001,0.0132,0.0132
13.11.2023 06:55:04.660 GMT-0800,113.29299999999999,113.21700000000001,0.0132,0.0112
13.11.2023 06:55:04.814 GMT-0800,113.29299999999999,113.21700000000001,0.0132,0.0132
13.11.2023 06:55:04.930 GMT-0800,113.29299999999999,113.21700000000001,0.0132,0.0112
13.11.2023 06:55:05.523 GMT-0800,113.29299999999999,113.21700000000001,0.0132,0.0132
13.11.2023 06:55:05.574 GMT-0800,113.29299999999999,113.227,0.0132,0.009
13.11.2023 06:55:05.625 GMT-0800,113.294,113.21600000000001,0.0132,0.0132
13.11.2023 06:55:05.675 GMT-0800,113.29299999999999,113.227,0.0132,0.0132
13.11.2023 06:55:05.726 GMT-0800,113.29299999999999,113.21700000000001,0.0132,0.0132
13.11.2023 06:55:05.854 GMT-0800,113.29299999999999,113.21700000000001,0.0132,0.0112
13.11.2023 06:55:06.416 GMT-0800,113.31299999999999,113.21700000000001,0.0132,0.0132
13.11.2023 06:55:06.872 GMT-0800,113.31299999999999,113.21700000000001,0.0132,0.0112
13.11.2023 06:55:07.367 GMT-0800,113.304,113.226,0.0009,0.009
13.11.2023 06:55:07.418 GMT-0800,113.304,113.21600000000001,0.0132,0.0132
13.11.2023 06:55:07.689 GMT-0800,113.294,113.21600000000001,0.0009,0.0132
13.11.2023 06:55:08.610 GMT-0800,113.253,113.21700000000001,0.0009,0.0132
13.11.2023 06:55:09.073 GMT-0800,113.244,113.21600000000001,0.0009,0.009
13.11.2023 06:55:09.123 GMT-0800,113.253,113.21700000000001,0.0132,0.009
13.11.2023 06:55:09.174 GMT-0800,113.234,113.186,0.0009,0.0132
13.11.2023 06:55:25.788 GMT-0800,113.23299999999999,113.18700000000001,0.009,0.0112
13.11.2023 06:55:25.839 GMT-0800,113.23299999999999,113.18700000000001,0.009,0.0132
13.11.2023 06:55:25.940 GMT-0800,113.253,113.18700000000001,0.0009,0.0132
13.11.2023 06:55:26.291 GMT-0800,113.254,113.186,0.009,0.0112
13.11.2023 06:55:26.342 GMT-0800,113.273,113.18700000000001,0.0132,0.0132
13.11.2023 06:55:36.465 GMT-0800,113.26299999999999,113.18700000000001,0.0009,0.0132
13.11.2023 06:55:36.773 GMT-0800,113.273,113.18700000000001,0.0132,0.0132
13.11.2023 06:55:39.136 GMT-0800,113.26299999999999,113.18700000000001,0.0009,0.0132
13.11.2023 06:55:44.475 GMT-0800,113.274,113.186,0.0132,0.0132
13.11.2023 06:55:44.772 GMT-0800,113.273,113.18700000000001,0.0132,0.0112
13.11.2023 06:55:51.305 GMT-0800,113.273,113.21700000000001,0.0132,0.0112
13.11.2023 06:55:53.716 GMT-0800,113.264,113.236,0.0009,0.009
13.11.2023 06:55:53.767 GMT-0800,113.274,113.186,0.0132,0.0132
13.11.2023 06:55:57.086 GMT-0800,113.26299999999999,113.18700000000001,0.0009,0.0132
13.11.2023 06:55:57.188 GMT-0800,113.254,113.186,0.0009,0.0132
13.11.2023 06:55:57.238 GMT-0800,113.26299999999999,113.18700000000001,0.0132,0.0132
13.11.2023 06:55:57.469 GMT-0800,113.244,113.186,0.0009,0.0132
13.11.2023 06:55:59.312 GMT-0800,113.243,113.18700000000001,0.0132,0.0112
13.11.2023 06:55:59.492 GMT-0800,113.243,113.18700000000001,0.0132,0.0132
13.11.2023 06:55:59.869 GMT-0800,113.243,113.18700000000001,0.0132,0.0112
13.11.2023 06:56:00.109 GMT-0800,113.244,113.186,0.0132,0.0132
13.11.2023 06:56:00.717 GMT-0800,113.243,113.18700000000001,0.0132,0.0112
13.11.2023 06:56:00.768 GMT-0800,113.244,113.186,0.0132,0.0132
13.11.2023 06:56:05.475 GMT-0800,113.264,113.186,0.0132,0.0132
13.11.2023 06:56:07.545 GMT-0800,113.264,113.186,0.0132,0.0112
13.11.2023 06:56:11.032 GMT-0800,113.273,113.197,0.0132,0.0132
13.11.2023 06:56:11.255 GMT-0800,113.273,113.197,0.0132,0.0112
13.11.2023 06:56:11.306 GMT-0800,113.253,113.197,0.0009,0.0132
13.11.2023 06:56:11.358 GMT-0800,113.274,113.19600000000001,0.0132,0.0112
13.11.2023 06:56:11.875 GMT-0800,113.273,113.20700000000001,0.0132,0.0112
13.11.2023 06:56:11.930 GMT-0800,113.273,113.20700000000001,0.0132,0.0132
13.11.2023 06:56:11.980 GMT-0800,113.273,113.20700000000001,0.0132,0.0112
13.11.2023 06:56:12.034 GMT-0800,113.274,113.206,0.0132,0.0132
13.11.2023 06:56:12.135 GMT-0800,113.274,113.206,0.0132,0.0112
13.11.2023 06:56:12.191 GMT-0800,113.274,113.206,0.0132,0.0132
13.11.2023 06:56:12.289 GMT-0800,113.273,113.20700000000001,0.0132,0.0112
13.11.2023 06:56:12.440 GMT-0800,113.273,113.20700000000001,0.0132,0.0132
13.11.2023 06:56:14.372 GMT-0800,113.273,113.197,0.0132,0.0132
13.11.2023 06:56:16.011 GMT-0800,113.274,113.19600000000001,0.0132,0.0112
13.11.2023 06:56:16.062 GMT-0800,113.274,113.19600000000001,0.0132,0.0132
13.11.2023 06:56:20.043 GMT-0800,113.273,113.197,0.0132,0.0112
13.11.2023 06:56:20.288 GMT-0800,113.273,113.197,0.0132,0.0132
13.11.2023 06:56:25.592 GMT-0800,113.274,113.186,0.0132,0.0132
13.11.2023 06:56:29.732 GMT-0800,113.273,113.18700000000001,0.0132,0.0112
13.11.2023 06:56:29.974 GMT-0800,113.274,113.186,0.0132,0.0132
13.11.2023 06:56:31.535 GMT-0800,113.274,113.186,0.0132,0.0112
13.11.2023 06:56:33.819 GMT-0800,113.26299999999999,113.20700000000001,0.0009,0.0132
13.11.2023 06:56:37.664 GMT-0800,113.26299999999999,113.20700000000001,0.0132,0.0112
13.11.2023 06:56:37.715 GMT-0800,113.264,113.206,0.0132,0.0132
13.11.2023 06:56:39.872 GMT-0800,113.253,113.20700000000001,0.0009,0.0132
13.11.2023 06:56:39.974 GMT-0800,113.26299999999999,113.20700000000001,0.0132,0.0132
13.11.2023 06:56:40.070 GMT-0800,113.244,113.206,0.0009,0.0132
13.11.2023 06:56:44.831 GMT-0800,113.234,113.206,0.0009,0.009
13.11.2023 06:56:44.882 GMT-0800,113.23299999999999,113.18700000000001,0.0132,0.0132
13.11.2023 06:56:44.985 GMT-0800,113.243,113.18700000000001,0.0132,0.0132
13.11.2023 06:56:46.995 GMT-0800,113.224,113.186,0.0009,0.0132
13.11.2023 06:57:05.301 GMT-0800,113.214,113.186,0.0009,0.009
13.11.2023 06:57:05.402 GMT-0800,113.214,113.116,0.0132,0.0132
13.11.2023 06:57:05.453 GMT-0800,113.194,113.116,0.0009,0.009
13.11.2023 06:57:05.518 GMT-0800,113.194,113.07600000000001,0.0132,0.0132
13.11.2023 06:57:05.812 GMT-0800,113.163,113.07700000000001,0.0009,0.0132
13.11.2023 06:57:07.169 GMT-0800,113.163,113.07700000000001,0.0132,0.0112
13.11.2023 06:57:07.671 GMT-0800,113.154,113.116,0.0009,0.0132
13.11.2023 06:57:07.760 GMT-0800,113.163,113.117,0.0132,0.0132
13.11.2023 06:57:08.143 GMT-0800,113.154,113.116,0.0009,0.0132
13.11.2023 06:57:08.294 GMT-0800,113.163,113.117,0.0132,0.0132
13.11.2023 06:57:09.626 GMT-0800,113.163,113.117,0.009,0.0112
13.11.2023 06:57:09.676 GMT-0800,113.194,113.146,0.0132,0.0132
13.11.2023 06:57:09.727 GMT-0800,113.194,113.10600000000001,0.0132,0.0132
13.11.2023 06:57:13.492 GMT-0800,113.194,113.096,0.0132,0.0132
13.11.2023 06:57:14.278 GMT-0800,113.184,113.096,0.0009,0.009
13.11.2023 06:57:14.379 GMT-0800,113.194,113.096,0.0132,0.009
13.11.2023 06:57:14.480 GMT-0800,113.193,113.087,0.0132,0.0132
13.11.2023 06:57:15.998 GMT-0800,113.184,113.08600000000001,0.0009,0.0132
13.11.2023 06:57:16.049 GMT-0800,113.194,113.08600000000001,0.0132,0.0132
13.11.2023 06:57:17.031 GMT-0800,113.193,113.087,0.0132,0.0112
13.11.2023 06:57:19.563 GMT-0800,113.193,113.087,0.0132,0.0132
13.11.2023 06:57:22.530 GMT-0800,113.194,113.096,0.0132,0.0132
13.11.2023 06:57:22.581 GMT-0800,113.193,113.087,0.0132,0.0132
13.11.2023 06:57:23.545 GMT-0800,113.194,113.08600000000001,0.0132,0.0112
13.11.2023 06:57:23.596 GMT-0800,113.194,113.08600000000001,0.0132,0.0132
13.11.2023 06:57:25.812 GMT-0800,113.194,113.08600000000001,0.0132,0.0112
13.11.2023 06:57:31.901 GMT-0800,113.234,113.126,0.0132,0.0132
13.11.2023 06:57:33.642 GMT-0800,113.234,113.126,0.009,0.0112
13.11.2023 06:57:33.743 GMT-0800,113.243,113.15700000000001,0.0132,0.0132
13.11.2023 06:57:34.836 GMT-0800,113.243,113.15700000000001,0.0132,0.0112
13.11.2023 06:57:46.318 GMT-0800,113.244,113.16600000000001,0.0132,0.0112
13.11.2023 06:57:46.459 GMT-0800,113.243,113.18700000000001,0.0132,0.0132
13.11.2023 06:57:47.904 GMT-0800,113.244,113.16600000000001,0.0132,0.0132
13.11.2023 06:57:48.339 GMT-0800,113.224,113.16600000000001,0.0009,0.0132
13.11.2023 06:57:48.696 GMT-0800,113.243,113.16700000000002,0.0132,0.0132
13.11.2023 06:57:49.911 GMT-0800,113.224,113.16600000000001,0.0009,0.0132
13.11.2023 06:58:05.693 GMT-0800,113.193,113.16700000000002,0.0009,0.009
13.11.2023 06:58:05.750 GMT-0800,113.20299999999999,113.12700000000001,0.0132,0.0132
13.11.2023 06:58:05.876 GMT-0800,113.20299999999999,113.12700000000001,0.009,0.0112
13.11.2023 06:58:06.073 GMT-0800,113.223,113.177,0.0132,0.0132
13.11.2023 06:58:06.977 GMT-0800,113.204,113.08600000000001,0.0132,0.0132
13.11.2023 06:58:07.115 GMT-0800,113.184,113.08600000000001,0.0009,0.0132
13.11.2023 06:58:10.892 GMT-0800,113.18299999999999,113.087,0.0132,0.0112
13.11.2023 06:58:12.331 GMT-0800,113.18299999999999,113.117,0.009,0.0132
13.11.2023 06:58:12.382 GMT-0800,113.193,113.117,0.0132,0.0132
13.11.2023 06:58:14.586 GMT-0800,113.194,113.116,0.009,0.0112
13.11.2023 06:58:14.637 GMT-0800,113.20299999999999,113.147,0.0132,0.0132
13.11.2023 06:58:15.600 GMT-0800,113.20299999999999,113.13700000000001,0.0132,0.0132
13.11.2023 06:58:16.146 GMT-0800,113.204,113.116,0.0132,0.0132
13.11.2023 06:58:16.881 GMT-0800,113.20299999999999,113.10700000000001,0.0132,0.0132
13.11.2023 06:58:21.980 GMT-0800,113.20299999999999,113.10700000000001,0.0132,0.0112
13.11.2023 06:58:22.447 GMT-0800,113.20299999999999,113.10700000000001,0.0132,0.0132
13.11.2023 06:58:24.912 GMT-0800,113.20299999999999,113.10700000000001,0.0132,0.0112
13.11.2023 06:58:28.585 GMT-0800,113.193,113.117,0.0009,0.0132
13.11.2023 06:58:28.635 GMT-0800,113.204,113.116,0.0132,0.009
13.11.2023 06:58:28.686 GMT-0800,113.20299999999999,113.10700000000001,0.0132,0.0132
13.11.2023 06:58:28.743 GMT-0800,113.194,113.10600000000001,0.0009,0.0132
13.11.2023 06:58:31.158 GMT-0800,113.193,113.10700000000001,0.009,0.0112
13.11.2023 06:58:31.209 GMT-0800,113.243,113.12700000000001,0.0132,0.0132
13.11.2023 06:58:31.260 GMT-0800,113.20299999999999,113.12700000000001,0.0132,0.0132
13.11.2023 06:58:31.361 GMT-0800,113.20299999999999,113.117,0.0132,0.0132
13.11.2023 06:58:33.793 GMT-0800,113.204,113.10600000000001,0.0132,0.0132
13.11.2023 06:58:34.723 GMT-0800,113.204,113.10600000000001,0.0132,0.0112
13.11.2023 06:58:44.959 GMT-0800,113.194,113.116,0.0009,0.0132
13.11.2023 06:58:45.010 GMT-0800,113.20299999999999,113.117,0.0132,0.009
13.11.2023 06:58:45.062 GMT-0800,113.204,113.08600000000001,0.0132,0.0132
13.11.2023 06:58:45.349 GMT-0800,113.204,113.08600000000001,0.0132,0.0112
13.11.2023 06:58:46.880 GMT-0800,113.184,113.10600000000001,0.0009,0.0132
13.11.2023 06:58:48.864 GMT-0800,113.204,113.10600000000001,0.0132,0.0132
13.11.2023 06:58:49.297 GMT-0800,113.194,113.10600000000001,0.0009,0.0132
13.11.2023 06:58:49.398 GMT-0800,113.18299999999999,113.10700000000001,0.0132,0.0132
13.11.2023 06:58:51.652 GMT-0800,113.193,113.087,0.0132,0.0132
13.11.2023 06:58:51.708 GMT-0800,113.17399999999999,113.08600000000001,0.0009,0.0132
13.11.2023 06:58:55.234 GMT-0800,113.173,113.087,0.009,0.0112
13.11.2023 06:58:55.284 GMT-0800,113.194,113.096,0.0132,0.0132
13.11.2023 06:58:55.335 GMT-0800,113.193,113.087,0.0132,0.0132
13.11.2023 06:58:55.386 GMT-0800,113.164,113.08600000000001,0.0132,0.0132
13.11.2023 06:58:57.268 GMT-0800,113.164,113.08600000000001,0.0132,0.0112
13.11.2023 06:59:00.219 GMT-0800,113.164,113.08600000000001,0.0132,0.0132
13.11.2023 06:59:06.435 GMT-0800,113.164,113.08600000000001,0.009,0.0112
13.11.2023 06:59:06.486 GMT-0800,113.164,113.08600000000001,0.009,0.0132
13.11.2023 06:59:06.587 GMT-0800,113.193,113.10700000000001,0.0132,0.0132
13.11.2023 06:59:06.912 GMT-0800,113.18299999999999,113.10700000000001,0.0009,0.0132
13.11.2023 06:59:07.074 GMT-0800,113.193,113.10700000000001,0.0132,0.0132
13.11.2023 06:59:07.780 GMT-0800,113.194,113.096,0.0132,0.0132
13.11.2023 06:59:07.834 GMT-0800,113.194,113.116,0.0132,0.0132
13.11.2023 06:59:08.127 GMT-0800,113.18299999999999,113.117,0.0009,0.0132
13.11.2023 06:59:08.531 GMT-0800,113.18299999999999,113.117,0.009,0.0112
13.11.2023 06:59:08.582 GMT-0800,113.193,113.147,0.0132,0.0132
13.11.2023 06:59:08.976 GMT-0800,113.17399999999999,113.116,0.0132,0.009
13.11.2023 06:59:09.631 GMT-0800,113.17399999999999,113.08600000000001,0.0132,0.0112
13.11.2023 06:59:10.024 GMT-0800,113.163,113.09700000000001,0.0009,0.0132
13.11.2023 06:59:10.075 GMT-0800,113.173,113.087,0.0132,0.0132
13.11.2023 06:59:12.399 GMT-0800,113.164,113.08600000000001,0.0132,0.0132
13.11.2023 06:59:12.830 GMT-0800,113.134,113.08600000000001,0.0009,0.0132
13.11.2023 06:59:13.741 GMT-0800,113.124,113.08600000000001,0.0009,0.0132
13.11.2023 06:59:13.793 GMT-0800,113.113,113.037,0.0132,0.0132
13.11.2023 06:59:14.534 GMT-0800,113.134,113.036,0.0132,0.0132
13.11.2023 06:59:16.065 GMT-0800,113.124,113.036,0.0009,0.0132
13.11.2023 06:59:16.166 GMT-0800,113.133,113.037,0.0132,0.0132
13.11.2023 06:59:17.909 GMT-0800,113.124,113.036,0.0009,0.0132
13.11.2023 06:59:18.010 GMT-0800,113.114,113.036,0.0132,0.0132
13.11.2023 06:59:18.111 GMT-0800,113.133,113.037,0.0132,0.0132
13.11.2023 06:59:18.710 GMT-0800,113.134,113.036,0.0132,0.0112
13.11.2023 06:59:18.811 GMT-0800,113.113,113.037,0.0132,0.0132
13.11.2023 06:59:19.614 GMT-0800,113.124,113.036,0.0132,0.0132
13.11.2023 06:59:20.516 GMT-0800,113.114,113.036,0.0009,0.0132
13.11.2023 06:59:20.758 GMT-0800,113.124,113.036,0.0132,0.0132
13.11.2023 06:59:22.077 GMT-0800,113.114,113.036,0.0009,0.0132
13.11.2023 06:59:22.218 GMT-0800,113.044,112.976,0.0132,0.009
13.11.2023 06:59:22.269 GMT-0800,113.04299999999999,112.96700000000001,0.0132,0.0132
13.11.2023 06:59:24.745 GMT-0800,113.044,112.956,0.0132,0.0132
13.11.2023 06:59:28.294 GMT-0800,113.03399999999999,112.956,0.0009,0.0132
13.11.2023 06:59:29.292 GMT-0800,113.04299999999999,112.96700000000001,0.0132,0.0132
13.11.2023 06:59:35.249 GMT-0800,113.044,112.96600000000001,0.0132,0.0112
13.11.2023 06:59:37.497 GMT-0800,113.044,112.976,0.0132,0.0112
13.11.2023 06:59:37.548 GMT-0800,113.09299999999999,113.02700000000002,0.0132,0.0132
13.11.2023 06:59:37.599 GMT-0800,113.12299999999999,113.04700000000001,0.0132,0.0132
13.11.2023 06:59:41.885 GMT-0800,113.094,113.046,0.0009,0.0132
13.11.2023 06:59:46.628 GMT-0800,113.084,113.046,0.0009,0.0132
13.11.2023 06:59:46.679 GMT-0800,113.084,112.99600000000001,0.0132,0.0132
13.11.2023 06:59:47.223 GMT-0800,113.083,112.99700000000001,0.0132,0.0112
13.11.2023 06:59:51.584 GMT-0800,113.083,113.007,0.0132,0.0112
13.11.2023 06:59:53.060 GMT-0800,113.074,113.046,0.0009,0.009
13.11.2023 06:59:53.111 GMT-0800,113.074,112.99600000000001,0.0132,0.0132
13.11.2023 06:59:53.634 GMT-0800,113.084,112.99600000000001,0.0132,0.0132
13.11.2023 06:59:57.355 GMT-0800,113.074,112.99600000000001,0.0009,0.0132
13.11.2023 06:59:58.284 GMT-0800,113.083,112.98700000000001,0.0132,0.0132
13.11.2023 07:00:00.062 GMT-0800,113.083,112.98700000000001,0.0132,0.0112
13.11.2023 07:00:00.113 GMT-0800,113.084,112.986,0.009,0.0112
13.11.2023 07:00:00.251 GMT-0800,113.12299999999999,112.99700000000001,0.0132,0.0112
13.11.2023 07:00:00.302 GMT-0800,113.124,112.99600000000001,0.0132,0.0132
13.11.2023 07:00:00.633 GMT-0800,113.12299999999999,112.99700000000001,0.0132,0.0112
13.11.2023 07:00:00.870 GMT-0800,113.103,113.05700000000002,0.0009,0.0132
13.11.2023 07:00:05.662 GMT-0800,113.104,113.05600000000001,0.0132,0.0112
13.11.2023 07:00:05.867 GMT-0800,113.103,113.05700000000002,0.0132,0.0132
13.11.2023 07:00:10.113 GMT-0800,113.103,113.05700000000002,0.0132,0.0112
13.11.2023 07:00:10.237 GMT-0800,113.104,113.05600000000001,0.009,0.0112
13.11.2023 07:00:10.288 GMT-0800,113.12299999999999,113.07700000000001,0.0132,0.0132
13.11.2023 07:00:10.758 GMT-0800,113.124,113.066,0.0132,0.0132
13.11.2023 07:00:11.635 GMT-0800,113.12299999999999,113.05700000000002,0.0132,0.0132
13.11.2023 07:00:13.566 GMT-0800,113.12299999999999,113.05700000000002,0.0132,0.0112
13.11.2023 07:00:13.917 GMT-0800,113.124,113.05600000000001,0.0132,0.0132
13.11.2023 07:00:14.493 GMT-0800,113.124,113.05600000000001,0.0132,0.0112
13.11.2023 07:00:14.607 GMT-0800,113.124,113.066,0.0132,0.0112
13.11.2023 07:00:14.658 GMT-0800,113.12299999999999,113.06700000000001,0.0132,0.009
13.11.2023 07:00:14.709 GMT-0800,113.12299999999999,113.05700000000002,0.0132,0.0132
13.11.2023 07:00:14.810 GMT-0800,113.143,113.05700000000002,0.0132,0.0132
13.11.2023 07:00:15.067 GMT-0800,113.124,113.05600000000001,0.0009,0.0132
13.11.2023 07:00:19.053 GMT-0800,113.12299999999999,113.05700000000002,0.0132,0.0112
13.11.2023 07:00:21.047 GMT-0800,113.12299999999999,113.06700000000001,0.0132,0.0112
13.11.2023 07:00:21.098 GMT-0800,113.12299999999999,113.06700000000001,0.0132,0.0132
13.11.2023 07:00:21.149 GMT-0800,113.113,113.06700000000001,0.0009,0.0132
13.11.2023 07:00:21.569 GMT-0800,113.114,113.066,0.009,0.0112
13.11.2023 07:00:21.620 GMT-0800,113.12299999999999,113.07700000000001,0.0132,0.0132
13.11.2023 07:00:21.671 GMT-0800,113.124,113.066,0.0132,0.0132
13.11.2023 07:00:23.896 GMT-0800,113.12299999999999,113.05700000000002,0.0132,0.0132
13.11.2023 07:00:26.852 GMT-0800,113.114,113.05600000000001,0.0009,0.0132
13.11.2023 07:00:31.533 GMT-0800,113.163,113.12700000000001,0.0132,0.0132
13.11.2023 07:00:31.685 GMT-0800,113.164,113.05600000000001,0.0132,0.0132
13.11.2023 07:00:32.586 GMT-0800,113.164,113.05600000000001,0.009,0.0112
13.11.2023 07:00:32.637 GMT-0800,113.163,113.05700000000002,0.009,0.0112
13.11.2023 07:00:32.687 GMT-0800,113.20299999999999,113.15700000000001,0.0132,0.0132
13.11.2023 07:00:33.068 GMT-0800,113.204,113.07600000000001,0.0132,0.0132
13.11.2023 07:00:33.376 GMT-0800,113.20299999999999,113.07700000000001,0.0132,0.0112
13.11.2023 07:00:33.498 GMT-0800,113.204,113.07600000000001,0.0132,0.0132
13.11.2023 07:00:34.562 GMT-0800,113.184,113.07600000000001,0.0009,0.0132
13.11.2023 07:00:34.613 GMT-0800,113.20299999999999,113.07700000000001,0.0132,0.0132
13.11.2023 07:00:37.801 GMT-0800,113.20299999999999,113.07700000000001,0.0132,0.0112
13.11.2023 07:00:38.000 GMT-0800,113.20299999999999,113.147,0.0132,0.0112
13.11.2023 07:00:38.050 GMT-0800,113.20299999999999,113.09700000000001,0.0132,0.0132
13.11.2023 07:00:38.231 GMT-0800,113.20299999999999,113.09700000000001,0.0132,0.0112
13.11.2023 07:00:38.378 GMT-0800,113.204,113.10600000000001,0.009,0.0112
13.11.2023 07:00:38.429 GMT-0800,113.254,113.16600000000001,0.0132,0.0132
13.11.2023 07:00:39.491 GMT-0800,113.253,113.10700000000001,0.0132,0.0132
13.11.2023 07:00:42.233 GMT-0800,113.214,113.10600000000001,0.0009,0.0132
13.11.2023 07:00:42.528 GMT-0800,113.253,113.10700000000001,0.0132,0.0132
13.11.2023 07:00:43.071 GMT-0800,113.213,113.10700000000001,0.0009,0.0132
13.11.2023 07:00:43.172 GMT-0800,113.214,113.126,0.0132,0.0132
13.11.2023 07:00:44.125 GMT-0800,113.254,113.116,0.0132,0.0132
13.11.2023 07:00:46.117 GMT-0800,113.253,113.117,0.0132,0.0112
13.11.2023 07:00:46.550 GMT-0800,113.253,113.12700000000001,0.0132,0.0112
13.11.2023 07:00:47.091 GMT-0800,113.253,113.12700000000001,0.0132,0.0132
13.11.2023 07:00:47.378 GMT-0800,113.253,113.117,0.0132,0.0132
13.11.2023 07:00:47.805 GMT-0800,113.254,113.116,0.0132,0.0112
13.11.2023 07:00:47.856 GMT-0800,113.253,113.117,0.0132,0.0112
13.11.2023 07:00:48.160 GMT-0800,113.253,113.12700000000001,0.0132,0.0132
13.11.2023 07:00:49.136 GMT-0800,113.253,113.117,0.0132,0.0132
13.11.2023 07:00:49.961 GMT-0800,113.253,113.10700000000001,0.0132,0.0132
13.11.2023 07:00:50.891 GMT-0800,113.254,113.10600000000001,0.0132,0.0112
13.11.2023 07:00:51.814 GMT-0800,113.254,113.10600000000001,0.0132,0.0132
13.11.2023 07:00:51.875 GMT-0800,113.224,113.10600000000001,0.0009,0.0132
13.11.2023 07:00:51.977 GMT-0800,113.204,113.146,0.0009,0.0132
13.11.2023 07:00:52.028 GMT-0800,113.253,113.147,0.0132,0.0132
13.11.2023 07:00:53.145 GMT-0800,113.253,113.147,0.0132,0.0112
13.11.2023 07:00:53.405 GMT-0800,113.253,113.147,0.0132,0.0132
13.11.2023 07:00:56.370 GMT-0800,113.29299999999999,113.147,0.0132,0.0132
13.11.2023 07:00:57.799 GMT-0800,113.29299999999999,113.117,0.0132,0.0132
13.11.2023 07:00:58.368 GMT-0800,113.29299999999999,113.117,0.0132,0.0112
13.11.2023 07:00:58.469 GMT-0800,113.29299999999999,113.177,0.0132,0.0132
13.11.2023 07:00:58.638 GMT-0800,113.29299999999999,113.12700000000001,0.0132,0.0132
13.11.2023 07:01:02.332 GMT-0800,113.223,113.12700000000001,0.0009,0.0132
13.11.2023 07:01:02.382 GMT-0800,113.254,113.126,0.0009,0.009
13.11.2023 07:01:02.446 GMT-0800,113.184,113.126,0.0009,0.009
13.11.2023 07:01:02.497 GMT-0800,113.254,113.126,0.0009,0.009
13.11.2023 07:01:02.598 GMT-0800,113.253,113.087,0.0132,0.0132
13.11.2023 07:01:05.811 GMT-0800,113.23299999999999,113.087,0.0009,0.0132
13.11.2023 07:01:06.104 GMT-0800,113.23299999999999,113.087,0.0132,0.0112
13.11.2023 07:01:07.050 GMT-0800,113.234,113.096,0.0132,0.0112
13.11.2023 07:01:07.101 GMT-0800,113.234,113.096,0.0132,0.0132
13.11.2023 07:01:07.152 GMT-0800,113.223,113.10700000000001,0.0132,0.0132
13.11.2023 07:01:09.227 GMT-0800,113.253,113.10700000000001,0.0132,0.0112
13.11.2023 07:01:09.543 GMT-0800,113.244,113.116,0.0009,0.0132
13.11.2023 07:01:09.594 GMT-0800,113.254,113.116,0.0132,0.0132
13.11.2023 07:01:09.905 GMT-0800,113.243,113.117,0.0009,0.0112
13.11.2023 07:01:09.956 GMT-0800,113.26299999999999,113.12700000000001,0.0132,0.0132
13.11.2023 07:01:10.070 GMT-0800,113.26299999999999,113.13700000000001,0.0132,0.0132
13.11.2023 07:01:10.176 GMT-0800,113.26299999999999,113.12700000000001,0.0132,0.0132
13.11.2023 07:01:11.129 GMT-0800,113.264,113.126,0.0132,0.0112
13.11.2023 07:01:14.048 GMT-0800,113.254,113.13600000000001,0.0009,0.009
13.11.2023 07:01:14.099 GMT-0800,113.243,113.117,0.0132,0.0132
13.11.2023 07:01:15.167 GMT-0800,113.244,113.116,0.0132,0.0112
13.11.2023 07:01:16.620 GMT-0800,113.253,113.117,0.0132,0.0132
13.11.2023 07:01:17.778 GMT-0800,113.213,113.117,0.0009,0.0132
13.11.2023 07:01:17.879 GMT-0800,113.194,113.116,0.0009,0.009
13.11.2023 07:01:17.930 GMT-0800,113.194,113.08600000000001,0.0132,0.0132
13.11.2023 07:01:18.273 GMT-0800,113.223,113.087,0.0132,0.0132
13.11.2023 07:01:19.220 GMT-0800,113.234,113.08600000000001,0.0132,0.0132
13.11.2023 07:01:19.274 GMT-0800,113.224,113.08600000000001,0.0009,0.0132
13.11.2023 07:01:19.518 GMT-0800,113.23299999999999,113.087,0.0132,0.0132
13.11.2023 07:01:19.590 GMT-0800,113.224,113.08600000000001,0.0009,0.0132
13.11.2023 07:01:19.691 GMT-0800,113.23299999999999,113.087,0.0132,0.0132
13.11.2023 07:01:22.058 GMT-0800,113.234,113.08600000000001,0.0132,0.0112
13.11.2023 07:01:22.839 GMT-0800,113.244,113.096,0.0132,0.0132
13.11.2023 07:01:23.154 GMT-0800,113.23299999999999,113.09700000000001,0.0009,0.0132
13.11.2023 07:01:23.680 GMT-0800,113.244,113.096,0.0132,0.0132
13.11.2023 07:01:24.457 GMT-0800,113.23299999999999,113.09700000000001,0.0009,0.0132
13.11.2023 07:01:28.608 GMT-0800,113.23299999999999,113.09700000000001,0.0132,0.0112
13.11.2023 07:01:28.970 GMT-0800,113.243,113.10700000000001,0.0132,0.0132
13.11.2023 07:01:29.469 GMT-0800,113.234,113.10600000000001,0.0009,0.0132
13.11.2023 07:01:29.727 GMT-0800,113.234,113.10600000000001,0.009,0.0112
