Local time,Ask,Bid,AskVolume,BidVolume
13.11.2023 06:30:00.922 GMT-0800,254.74599999999998,253.44400000000002,0.0132,0.0132
13.11.2023 06:30:01.298 GMT-0800,256.51599999999996,253.44400000000002,0.0132,0.0132
13.11.2023 06:30:01.484 GMT-0800,256.506,253.44400000000002,0.0009,0.0132
13.11.2023 06:30:01.667 GMT-0800,256.51599999999996,253.44400000000002,0.0132,0.0132
13.11.2023 06:30:02.145 GMT-0800,255.376,253.44400000000002,0.0009,0.0112
13.11.2023 06:30:02.246 GMT-0800,255.376,253.44400000000002,0.0009,0.0112
13.11.2023 06:30:02.341 GMT-0800,255.376,253.44400000000002,0.0009,0.0112
13.11.2023 06:30:02.437 GMT-0800,254.706,253.44400000000002,0.0009,0.0112
13.11.2023 06:30:02.488 GMT-0800,255.046,253.44400000000002,0.0009,0.0112
13.11.2023 06:30:02.540 GMT-0800,255.176,253.44400000000002,0.0009,0.0112
13.11.2023 06:30:02.635 GMT-0800,255.176,253.44400000000002,0.0009,0.0112
13.11.2023 06:30:02.758 GMT-0800,255.096,254.24400000000003,0.0132,0.0132
13.11.2023 06:30:02.962 GMT-0800,255.096,254.27400000000003,0.0132,0.0009
13.11.2023 06:30:03.080 GMT-0800,256.056,254.27400000000003,0.009,0.0132
13.11.2023 06:30:03.699 GMT-0800,256.066,254.28400000000002,0.0132,0.0009
13.11.2023 06:30:03.800 GMT-0800,256.056,254.28400000000002,0.0009,0.0132
13.11.2023 06:30:04.163 GMT-0800,255.146,254.28400000000002,0.0009,0.0132
13.11.2023 06:30:05.247 GMT-0800,255.05599999999998,254.28400000000002,0.0009,0.0132
13.11.2023 06:30:05.355 GMT-0800,256.066,254.28400000000002,0.013,0.0132
13.11.2023 06:30:05.480 GMT-0800,256.066,254.28400000000002,0.0132,0.0132
13.11.2023 06:30:05.833 GMT-0800,256.056,254.28400000000002,0.0009,0.0132
13.11.2023 06:30:06.077 GMT-0800,256.066,254.28400000000002,0.0132,0.0132
13.11.2023 06:30:06.681 GMT-0800,256.056,254.28400000000002,0.0009,0.0132
13.11.2023 06:30:06.741 GMT-0800,256.066,254.28400000000002,0.0132,0.0132
13.11.2023 06:30:07.428 GMT-0800,256.056,254.28400000000002,0.0009,0.0132
13.11.2023 06:30:07.646 GMT-0800,256.066,254.28400000000002,0.0132,0.0132
13.11.2023 06:30:08.180 GMT-0800,256.056,254.28400000000002,0.0009,0.0132
13.11.2023 06:30:08.282 GMT-0800,256.066,254.28400000000002,0.0132,0.0132
13.11.2023 06:30:08.651 GMT-0800,256.066,254.28400000000002,0.0132,0.0112
13.11.2023 06:30:09.560 GMT-0800,256.056,254.43400000000003,0.0009,0.0132
13.11.2023 06:30:09.894 GMT-0800,256.066,254.43400000000003,0.0132,0.0132
13.11.2023 06:30:10.071 GMT-0800,256.066,254.43400000000003,0.0132,0.0112
13.11.2023 06:30:10.195 GMT-0800,255.546,254.41400000000002,0.013,0.0132
13.11.2023 06:30:10.246 GMT-0800,255.546,254.41400000000002,0.0132,0.0132
13.11.2023 06:30:10.365 GMT-0800,256.056,254.41400000000002,0.0132,0.0132
13.11.2023 06:30:10.466 GMT-0800,256.066,254.41400000000002,0.0132,0.0132
13.11.2023 06:30:10.735 GMT-0800,255.476,254.41400000000002,0.0009,0.0132
13.11.2023 06:30:11.537 GMT-0800,255.476,254.41400000000002,0.0132,0.0112
13.11.2023 06:30:12.392 GMT-0800,255.316,254.764,0.0009,0.0132
13.11.2023 06:30:15.159 GMT-0800,255.316,254.41400000000002,0.0132,0.0132
13.11.2023 06:30:17.273 GMT-0800,255.316,254.41400000000002,0.0132,0.0112
13.11.2023 06:30:25.959 GMT-0800,255.576,254.28400000000002,0.0132,0.0132
13.11.2023 06:30:26.010 GMT-0800,254.926,254.014,0.0132,0.0132
13.11.2023 06:30:26.123 GMT-0800,254.926,253.93400000000003,0.0132,0.0132
13.11.2023 06:30:26.225 GMT-0800,254.926,254.014,0.0132,0.0132
13.11.2023 06:30:26.362 GMT-0800,254.926,254.00400000000002,0.0132,0.0132
13.11.2023 06:30:26.817 GMT-0800,254.926,254.014,0.0132,0.0009
13.11.2023 06:30:26.918 GMT-0800,254.926,254.00400000000002,0.0132,0.0132
13.11.2023 06:30:28.222 GMT-0800,254.926,254.00400000000002,0.0132,0.0112
13.11.2023 06:30:41.243 GMT-0800,254.93599999999998,254.37400000000002,0.0132,0.0132
13.11.2023 06:30:41.944 GMT-0800,254.846,254.37400000000002,0.0009,0.0132
13.11.2023 06:30:42.096 GMT-0800,254.93599999999998,254.37400000000002,0.0132,0.0132
13.11.2023 06:30:42.864 GMT-0800,255.846,254.37400000000002,0.0132,0.0132
13.11.2023 06:30:44.589 GMT-0800,255.856,254.37400000000002,0.0132,0.0132
13.11.2023 06:30:45.308 GMT-0800,255.846,254.37400000000002,0.0009,0.0132
13.11.2023 06:30:45.409 GMT-0800,255.856,254.37400000000002,0.0132,0.0132
13.11.2023 06:30:46.085 GMT-0800,255.846,254.37400000000002,0.0009,0.0132
13.11.2023 06:30:46.187 GMT-0800,255.856,254.37400000000002,0.0132,0.0132
13.11.2023 06:30:46.676 GMT-0800,255.846,254.37400000000002,0.0009,0.0132
13.11.2023 06:30:46.845 GMT-0800,255.856,254.37400000000002,0.0132,0.0132
13.11.2023 06:30:47.264 GMT-0800,255.326,254.37400000000002,0.0132,0.0132
13.11.2023 06:30:47.671 GMT-0800,255.326,254.40400000000002,0.0132,0.0009
13.11.2023 06:30:47.784 GMT-0800,255.316,254.40400000000002,0.0009,0.0132
13.11.2023 06:30:47.885 GMT-0800,255.326,254.40400000000002,0.0132,0.0132
13.11.2023 06:30:48.256 GMT-0800,255.316,254.40400000000002,0.0009,0.0132
13.11.2023 06:30:48.658 GMT-0800,255.166,254.40400000000002,0.0009,0.0132
13.11.2023 06:30:49.113 GMT-0800,254.766,254.40400000000002,0.0009,0.009
13.11.2023 06:30:49.164 GMT-0800,254.83599999999998,254.22400000000002,0.0132,0.0132
13.11.2023 06:30:49.559 GMT-0800,255.016,254.22400000000002,0.0132,0.0132
13.11.2023 06:30:50.227 GMT-0800,255.096,254.22400000000002,0.0132,0.0132
13.11.2023 06:30:50.281 GMT-0800,255.08599999999998,254.22400000000002,0.0009,0.0132
13.11.2023 06:30:51.308 GMT-0800,255.016,254.22400000000002,0.0009,0.0132
13.11.2023 06:30:51.659 GMT-0800,255.08599999999998,254.22400000000002,0.0132,0.0132
13.11.2023 06:30:52.412 GMT-0800,255.326,254.22400000000002,0.0132,0.0132
13.11.2023 06:30:53.133 GMT-0800,255.27599999999998,254.22400000000002,0.0009,0.0132
13.11.2023 06:30:53.183 GMT-0800,255.326,254.22400000000002,0.0132,0.0132
13.11.2023 06:30:53.239 GMT-0800,255.316,254.22400000000002,0.0009,0.0132
13.11.2023 06:30:54.129 GMT-0800,255.046,254.22400000000002,0.0009,0.0132
13.11.2023 06:30:54.450 GMT-0800,255.326,254.22400000000002,0.0132,0.0132
13.11.2023 06:30:54.753 GMT-0800,255.326,254.234,0.0132,0.0009
13.11.2023 06:30:57.763 GMT-0800,255.326,254.28400000000002,0.0132,0.0009
13.11.2023 06:31:02.987 GMT-0800,255.05599999999998,254.28400000000002,0.0009,0.0132
13.11.2023 06:31:03.173 GMT-0800,255.05599999999998,254.28400000000002,0.0132,0.0112
13.11.2023 06:31:03.224 GMT-0800,255.05599999999998,254.28400000000002,0.0132,0.0132
13.11.2023 06:31:07.247 GMT-0800,255.046,254.28400000000002,0.0009,0.0132
13.11.2023 06:31:19.174 GMT-0800,255.326,254.28400000000002,0.0132,0.0132
13.11.2023 06:31:19.991 GMT-0800,255.05599999999998,254.28400000000002,0.0009,0.0132
13.11.2023 06:31:28.085 GMT-0800,255.05599999999998,254.30400000000003,0.0132,0.0009
13.11.2023 06:31:28.772 GMT-0800,255.006,254.30400000000003,0.0009,0.0132
13.11.2023 06:31:33.163 GMT-0800,255.326,254.30400000000003,0.013,0.0112
13.11.2023 06:31:33.214 GMT-0800,255.40599999999998,254.74400000000003,0.0132,0.0132
13.11.2023 06:31:33.294 GMT-0800,255.40599999999998,254.74400000000003,0.0132,0.0112
13.11.2023 06:31:33.647 GMT-0800,255.46599999999998,254.83400000000003,0.0132,0.0132
13.11.2023 06:31:35.351 GMT-0800,255.516,254.83400000000003,0.0132,0.0132
13.11.2023 06:31:35.646 GMT-0800,255.856,254.83400000000003,0.0132,0.0132
13.11.2023 06:31:35.697 GMT-0800,255.40599999999998,254.83400000000003,0.0009,0.0132
13.11.2023 06:31:35.851 GMT-0800,255.426,254.83400000000003,0.0132,0.0132
13.11.2023 06:31:36.545 GMT-0800,255.426,254.83400000000003,0.0132,0.0112
13.11.2023 06:31:36.596 GMT-0800,255.846,255.00400000000002,0.009,0.0132
13.11.2023 06:31:36.647 GMT-0800,255.856,254.80400000000003,0.0132,0.0132
13.11.2023 06:31:36.697 GMT-0800,255.856,255.014,0.0132,0.0132
13.11.2023 06:31:37.511 GMT-0800,255.846,255.014,0.0009,0.0132
13.11.2023 06:31:37.727 GMT-0800,255.856,255.014,0.0132,0.0132
13.11.2023 06:31:39.085 GMT-0800,255.846,255.014,0.0009,0.0132
13.11.2023 06:31:39.136 GMT-0800,255.856,255.014,0.0132,0.0132
13.11.2023 06:31:39.701 GMT-0800,255.846,255.014,0.0009,0.0132
13.11.2023 06:31:39.803 GMT-0800,255.856,255.014,0.0132,0.0132
13.11.2023 06:31:40.296 GMT-0800,255.846,255.014,0.0009,0.0132
13.11.2023 06:31:40.447 GMT-0800,255.856,255.014,0.0132,0.0132
13.11.2023 06:31:41.194 GMT-0800,255.846,255.014,0.0009,0.0132
13.11.2023 06:31:41.404 GMT-0800,255.856,255.014,0.0132,0.0132
13.11.2023 06:31:42.520 GMT-0800,255.856,254.96400000000003,0.0132,0.0132
13.11.2023 06:31:43.711 GMT-0800,255.846,254.96400000000003,0.0009,0.0132
13.11.2023 06:31:43.762 GMT-0800,255.856,254.96400000000003,0.0132,0.0132
13.11.2023 06:31:45.665 GMT-0800,255.846,254.96400000000003,0.0009,0.0132
13.11.2023 06:31:45.716 GMT-0800,255.856,254.96400000000003,0.0132,0.0132
13.11.2023 06:31:46.570 GMT-0800,255.846,254.96400000000003,0.0009,0.0132
13.11.2023 06:31:46.671 GMT-0800,255.856,254.96400000000003,0.0132,0.0132
13.11.2023 06:31:47.990 GMT-0800,255.846,254.96400000000003,0.0009,0.0132
13.11.2023 06:31:48.092 GMT-0800,255.856,254.96400000000003,0.0132,0.0132
13.11.2023 06:31:51.110 GMT-0800,255.846,255.264,0.009,0.0132
13.11.2023 06:31:51.161 GMT-0800,255.856,255.264,0.0132,0.0132
13.11.2023 06:31:51.568 GMT-0800,256.066,255.264,0.0132,0.0132
13.11.2023 06:31:51.918 GMT-0800,256.056,255.264,0.0009,0.0132
13.11.2023 06:31:51.969 GMT-0800,256.066,255.264,0.0132,0.0132
13.11.2023 06:31:53.309 GMT-0800,256.056,255.264,0.0009,0.0132
13.11.2023 06:31:53.624 GMT-0800,256.066,255.264,0.0132,0.0132
13.11.2023 06:31:53.942 GMT-0800,256.056,255.264,0.0009,0.0132
13.11.2023 06:31:54.043 GMT-0800,256.066,255.264,0.0132,0.0132
13.11.2023 06:31:54.094 GMT-0800,255.916,255.264,0.0009,0.0132
13.11.2023 06:31:55.478 GMT-0800,255.916,255.27400000000003,0.0132,0.0009
13.11.2023 06:31:56.160 GMT-0800,255.916,255.27400000000003,0.0132,0.0112
13.11.2023 06:31:57.062 GMT-0800,256.056,255.36400000000003,0.0132,0.0132
13.11.2023 06:31:58.435 GMT-0800,256.046,255.36400000000003,0.0009,0.0132
13.11.2023 06:31:58.536 GMT-0800,256.056,255.36400000000003,0.0132,0.0132
13.11.2023 06:31:59.580 GMT-0800,256.046,255.36400000000003,0.0009,0.0132
13.11.2023 06:31:59.814 GMT-0800,256.056,255.36400000000003,0.0132,0.0132
13.11.2023 06:31:59.941 GMT-0800,256.056,255.36400000000003,0.0132,0.0112
13.11.2023 06:32:01.197 GMT-0800,256.026,255.514,0.0132,0.0009
13.11.2023 06:32:04.724 GMT-0800,255.846,255.514,0.0009,0.0132
13.11.2023 06:32:04.801 GMT-0800,256.026,255.514,0.0132,0.0112
13.11.2023 06:32:06.066 GMT-0800,256.026,255.514,0.0132,0.0132
13.11.2023 06:32:06.142 GMT-0800,256.006,255.514,0.0009,0.0132
13.11.2023 06:32:06.492 GMT-0800,256.006,255.514,0.0132,0.0112
13.11.2023 06:32:07.324 GMT-0800,256.006,255.40400000000002,0.0132,0.0132
13.11.2023 06:32:07.505 GMT-0800,256.026,255.40400000000002,0.0132,0.0132
13.11.2023 06:32:09.698 GMT-0800,256.026,255.36400000000003,0.0132,0.0132
13.11.2023 06:32:09.910 GMT-0800,255.926,255.36400000000003,0.0009,0.0112
13.11.2023 06:32:10.280 GMT-0800,256.026,255.56400000000002,0.0132,0.0132
13.11.2023 06:32:10.833 GMT-0800,256.01599999999996,255.56400000000002,0.0009,0.009
13.11.2023 06:32:10.884 GMT-0800,256.01599999999996,255.41400000000002,0.0132,0.0132
13.11.2023 06:32:10.998 GMT-0800,256.026,255.41400000000002,0.0132,0.0132
13.11.2023 06:32:11.176 GMT-0800,255.886,255.41400000000002,0.0009,0.0132
13.11.2023 06:32:15.942 GMT-0800,255.83599999999998,255.41400000000002,0.0009,0.0132
13.11.2023 06:32:16.632 GMT-0800,257.066,255.41400000000002,0.0132,0.0132
13.11.2023 06:32:16.760 GMT-0800,257.066,255.41400000000002,0.0132,0.0112
13.11.2023 06:32:17.789 GMT-0800,257.056,255.66400000000002,0.0009,0.0132
13.11.2023 06:32:19.236 GMT-0800,257.046,255.66400000000002,0.0009,0.0132
13.11.2023 06:32:19.370 GMT-0800,257.056,255.66400000000002,0.0132,0.0132
13.11.2023 06:32:19.857 GMT-0800,257.046,255.66400000000002,0.0009,0.0132
13.11.2023 06:32:19.959 GMT-0800,257.056,255.66400000000002,0.0132,0.0132
13.11.2023 06:32:20.108 GMT-0800,257.056,255.68400000000003,0.0132,0.0132
13.11.2023 06:32:20.499 GMT-0800,257.056,255.47400000000002,0.0132,0.0112
13.11.2023 06:32:20.795 GMT-0800,257.046,255.56400000000002,0.0009,0.0112
13.11.2023 06:32:20.947 GMT-0800,257.056,255.824,0.0132,0.0132
13.11.2023 06:32:21.224 GMT-0800,256.218,255.824,0.0009,0.0132
13.11.2023 06:32:27.140 GMT-0800,256.166,255.68400000000003,0.0132,0.0132
13.11.2023 06:32:31.827 GMT-0800,256.806,255.68400000000003,0.013,0.0112
13.11.2023 06:32:31.878 GMT-0800,256.806,255.77400000000003,0.0132,0.0132
13.11.2023 06:32:31.953 GMT-0800,256.806,255.77400000000003,0.0132,0.0112
13.11.2023 06:32:33.063 GMT-0800,256.796,255.87400000000002,0.0009,0.0132
13.11.2023 06:32:33.114 GMT-0800,256.806,255.87400000000002,0.0132,0.0132
13.11.2023 06:32:33.667 GMT-0800,257.056,255.87400000000002,0.0132,0.0132
13.11.2023 06:32:33.819 GMT-0800,257.046,255.87400000000002,0.0009,0.0132
13.11.2023 06:32:34.055 GMT-0800,257.056,255.87400000000002,0.0132,0.0132
13.11.2023 06:32:34.445 GMT-0800,257.056,255.77400000000003,0.0132,0.0132
13.11.2023 06:32:36.089 GMT-0800,257.046,255.77400000000003,0.0009,0.0132
13.11.2023 06:32:36.191 GMT-0800,256.876,255.77400000000003,0.0009,0.0132
13.11.2023 06:32:36.292 GMT-0800,257.056,255.77400000000003,0.0132,0.0132
13.11.2023 06:32:36.722 GMT-0800,257.046,255.77400000000003,0.0009,0.0132
13.11.2023 06:32:36.924 GMT-0800,257.056,255.77400000000003,0.0132,0.0132
13.11.2023 06:32:37.490 GMT-0800,257.046,255.77400000000003,0.0009,0.0132
13.11.2023 06:32:38.005 GMT-0800,257.056,255.90400000000002,0.0132,0.0132
13.11.2023 06:32:38.236 GMT-0800,256.876,255.90400000000002,0.0132,0.0132
13.11.2023 06:32:38.287 GMT-0800,257.056,255.90400000000002,0.0132,0.0132
13.11.2023 06:32:38.666 GMT-0800,256.876,255.90400000000002,0.0009,0.0132
13.11.2023 06:32:39.047 GMT-0800,257.046,255.90400000000002,0.0132,0.0132
13.11.2023 06:32:39.166 GMT-0800,257.056,255.90400000000002,0.0132,0.0132
13.11.2023 06:32:39.703 GMT-0800,257.046,255.90400000000002,0.0009,0.0132
13.11.2023 06:32:39.804 GMT-0800,257.056,255.90400000000002,0.0132,0.0132
13.11.2023 06:32:40.382 GMT-0800,257.046,255.90400000000002,0.0009,0.0132
13.11.2023 06:32:40.605 GMT-0800,257.056,255.90400000000002,0.0132,0.0132
13.11.2023 06:32:43.003 GMT-0800,257.046,255.90400000000002,0.0009,0.0132
13.11.2023 06:32:43.181 GMT-0800,257.056,255.90400000000002,0.0132,0.0132
13.11.2023 06:32:43.917 GMT-0800,256.796,255.90400000000002,0.0009,0.0132
13.11.2023 06:32:44.174 GMT-0800,256.546,255.90400000000002,0.0009,0.0132
13.11.2023 06:32:44.365 GMT-0800,256.426,255.90400000000002,0.0009,0.0132
13.11.2023 06:32:44.544 GMT-0800,256.426,255.93400000000003,0.0132,0.0009
13.11.2023 06:32:44.731 GMT-0800,256.546,255.93400000000003,0.0132,0.0132
13.11.2023 06:32:45.922 GMT-0800,256.376,255.93400000000003,0.0009,0.0132
13.11.2023 06:32:46.286 GMT-0800,256.536,255.93400000000003,0.0009,0.0132
13.11.2023 06:32:46.387 GMT-0800,256.546,255.93400000000003,0.0132,0.0132
13.11.2023 06:32:46.559 GMT-0800,256.306,255.93400000000003,0.0009,0.009
13.11.2023 06:32:46.609 GMT-0800,256.306,255.90400000000002,0.0132,0.0132
13.11.2023 06:32:46.960 GMT-0800,256.546,255.90400000000002,0.0132,0.0132
13.11.2023 06:32:47.173 GMT-0800,256.276,255.90400000000002,0.0009,0.0132
13.11.2023 06:32:47.544 GMT-0800,256.736,255.90400000000002,0.0132,0.0132
13.11.2023 06:32:47.645 GMT-0800,257.056,255.90400000000002,0.0132,0.0132
13.11.2023 06:32:47.795 GMT-0800,256.28000000000003,255.90400000000002,0.0009,0.0132
13.11.2023 06:32:48.179 GMT-0800,256.796,255.90400000000002,0.0009,0.0132
13.11.2023 06:32:48.229 GMT-0800,256.736,255.90400000000002,0.0132,0.0132
13.11.2023 06:32:49.186 GMT-0800,256.806,255.90400000000002,0.0132,0.0132
13.11.2023 06:32:49.237 GMT-0800,256.736,255.90400000000002,0.0132,0.0132
13.11.2023 06:32:49.413 GMT-0800,256.806,255.90400000000002,0.0132,0.0132
13.11.2023 06:32:49.464 GMT-0800,256.796,255.90400000000002,0.0132,0.0132
13.11.2023 06:32:49.565 GMT-0800,256.366,255.90400000000002,0.0132,0.0132
13.11.2023 06:32:50.971 GMT-0800,256.346,255.90400000000002,0.0009,0.0132
13.11.2023 06:33:02.202 GMT-0800,256.346,255.90400000000002,0.009,0.0112
13.11.2023 06:33:02.252 GMT-0800,256.366,256.05400000000003,0.0132,0.0132
13.11.2023 06:33:02.611 GMT-0800,256.366,255.924,0.0132,0.0132
13.11.2023 06:33:02.973 GMT-0800,256.736,255.924,0.0132,0.0132
13.11.2023 06:33:03.479 GMT-0800,257.056,255.924,0.0132,0.0132
13.11.2023 06:33:03.530 GMT-0800,256.406,255.924,0.0132,0.0132
13.11.2023 06:33:03.894 GMT-0800,257.046,255.924,0.009,0.0132
13.11.2023 06:33:04.312 GMT-0800,256.456,255.924,0.0009,0.0132
13.11.2023 06:33:05.948 GMT-0800,257.066,255.924,0.013,0.0112
13.11.2023 06:33:05.998 GMT-0800,257.066,256.22400000000005,0.0132,0.0132
13.11.2023 06:33:06.219 GMT-0800,257.066,256.284,0.0132,0.0009
13.11.2023 06:33:06.270 GMT-0800,257.066,256.22400000000005,0.0132,0.0132
13.11.2023 06:33:06.468 GMT-0800,257.056,256.22400000000005,0.0009,0.0132
13.11.2023 06:33:06.570 GMT-0800,257.066,256.22400000000005,0.0132,0.0132
13.11.2023 06:33:07.057 GMT-0800,257.056,256.22400000000005,0.0009,0.0132
13.11.2023 06:33:07.158 GMT-0800,257.066,256.22400000000005,0.0132,0.0132
13.11.2023 06:33:07.733 GMT-0800,257.056,256.22400000000005,0.0009,0.0132
13.11.2023 06:33:07.975 GMT-0800,257.066,256.22400000000005,0.0132,0.0132
13.11.2023 06:33:08.302 GMT-0800,256.76599999999996,256.22400000000005,0.0009,0.0132
13.11.2023 06:33:15.837 GMT-0800,256.76599999999996,256.22400000000005,0.0132,0.0112
13.11.2023 06:33:15.887 GMT-0800,256.76599999999996,256.22400000000005,0.0132,0.0132
13.11.2023 06:33:16.018 GMT-0800,256.76599999999996,256.274,0.0132,0.0009
13.11.2023 06:33:19.200 GMT-0800,257.066,256.274,0.013,0.0112
13.11.2023 06:33:19.251 GMT-0800,257.066,256.454,0.0132,0.0132
13.11.2023 06:33:19.455 GMT-0800,257.056,256.454,0.0009,0.0132
13.11.2023 06:33:19.750 GMT-0800,257.666,256.454,0.013,0.0112
13.11.2023 06:33:19.801 GMT-0800,257.666,256.66400000000004,0.0132,0.0132
13.11.2023 06:33:20.153 GMT-0800,257.496,256.714,0.0009,0.0009
13.11.2023 06:33:20.493 GMT-0800,257.496,256.66400000000004,0.0132,0.0132
13.11.2023 06:33:20.565 GMT-0800,257.496,256.66400000000004,0.0132,0.0112
13.11.2023 06:33:21.027 GMT-0800,257.496,256.66400000000004,0.0132,0.0132
13.11.2023 06:33:21.342 GMT-0800,257.486,256.66400000000004,0.0009,0.0132
13.11.2023 06:33:21.492 GMT-0800,257.486,256.66400000000004,0.0009,0.0112
13.11.2023 06:33:21.543 GMT-0800,257.666,256.66400000000004,0.013,0.0112
13.11.2023 06:33:21.594 GMT-0800,257.666,256.884,0.0132,0.0132
13.11.2023 06:33:22.082 GMT-0800,257.656,256.884,0.0009,0.0132
13.11.2023 06:33:23.055 GMT-0800,257.646,256.884,0.0009,0.0132
13.11.2023 06:33:23.105 GMT-0800,257.656,256.884,0.0132,0.009
13.11.2023 06:33:23.156 GMT-0800,257.656,256.66400000000004,0.0132,0.0132
13.11.2023 06:33:23.319 GMT-0800,257.596,256.66400000000004,0.0009,0.0132
13.11.2023 06:33:24.441 GMT-0800,257.586,256.66400000000004,0.0009,0.0132
13.11.2023 06:33:25.771 GMT-0800,257.506,256.66400000000004,0.0009,0.0132
13.11.2023 06:33:25.872 GMT-0800,257.51599999999996,256.66400000000004,0.0132,0.0132
13.11.2023 06:33:26.168 GMT-0800,257.596,256.66400000000004,0.0132,0.0132
13.11.2023 06:33:26.269 GMT-0800,257.656,256.66400000000004,0.0132,0.0132
13.11.2023 06:33:26.676 GMT-0800,257.596,256.66400000000004,0.0009,0.0132
13.11.2023 06:33:27.126 GMT-0800,257.656,256.66400000000004,0.0132,0.0132
13.11.2023 06:33:27.733 GMT-0800,257.596,256.66400000000004,0.0009,0.0132
13.11.2023 06:33:27.834 GMT-0800,257.51599999999996,256.66400000000004,0.0132,0.0132
13.11.2023 06:33:27.885 GMT-0800,257.596,256.66400000000004,0.0132,0.0132
13.11.2023 06:33:27.955 GMT-0800,257.51599999999996,256.66400000000004,0.0009,0.0132
13.11.2023 06:33:28.006 GMT-0800,257.596,256.66400000000004,0.0132,0.0132
13.11.2023 06:33:28.108 GMT-0800,257.51599999999996,256.66400000000004,0.0132,0.0132
13.11.2023 06:33:28.298 GMT-0800,257.596,256.66400000000004,0.0132,0.0132
13.11.2023 06:33:28.577 GMT-0800,257.586,256.66400000000004,0.0009,0.0132
13.11.2023 06:33:28.765 GMT-0800,257.596,256.66400000000004,0.0132,0.0132
13.11.2023 06:33:29.168 GMT-0800,257.51599999999996,256.684,0.0009,0.0009
13.11.2023 06:33:30.020 GMT-0800,257.596,256.694,0.0132,0.0132
13.11.2023 06:33:30.083 GMT-0800,257.51599999999996,256.694,0.0009,0.0132
13.11.2023 06:33:30.654 GMT-0800,257.596,256.694,0.0132,0.0132
13.11.2023 06:33:31.530 GMT-0800,257.646,256.694,0.0132,0.0132
13.11.2023 06:33:31.652 GMT-0800,257.656,256.694,0.0132,0.0132
13.11.2023 06:33:31.703 GMT-0800,257.596,256.694,0.0132,0.0132
13.11.2023 06:33:32.398 GMT-0800,257.646,256.66400000000004,0.0009,0.0132
13.11.2023 06:33:32.449 GMT-0800,257.596,256.66400000000004,0.0132,0.0132
13.11.2023 06:33:32.981 GMT-0800,257.586,256.66400000000004,0.0009,0.0132
13.11.2023 06:33:33.082 GMT-0800,257.656,256.66400000000004,0.0132,0.0132
13.11.2023 06:33:33.245 GMT-0800,257.596,256.66400000000004,0.0009,0.0132
13.11.2023 06:33:33.780 GMT-0800,257.586,256.66400000000004,0.0009,0.0132
13.11.2023 06:33:33.831 GMT-0800,257.656,256.66400000000004,0.0132,0.0132
13.11.2023 06:33:34.334 GMT-0800,257.596,256.66400000000004,0.0009,0.0132
13.11.2023 06:33:34.510 GMT-0800,257.596,256.66400000000004,0.0132,0.0112
13.11.2023 06:33:35.090 GMT-0800,257.656,256.73400000000004,0.0132,0.0132
13.11.2023 06:33:35.367 GMT-0800,257.596,256.73400000000004,0.0009,0.0132
13.11.2023 06:33:35.912 GMT-0800,257.586,256.73400000000004,0.0009,0.0132
13.11.2023 06:33:35.962 GMT-0800,257.596,256.73400000000004,0.0132,0.0132
13.11.2023 06:33:36.439 GMT-0800,257.656,256.73400000000004,0.0132,0.0132
13.11.2023 06:33:37.231 GMT-0800,257.646,256.73400000000004,0.0009,0.0132
13.11.2023 06:33:37.385 GMT-0800,257.596,256.73400000000004,0.0009,0.0132
13.11.2023 06:33:37.543 GMT-0800,257.656,257.134,0.0132,0.0132
13.11.2023 06:33:37.864 GMT-0800,257.466,256.874,0.0132,0.0132
13.11.2023 06:33:38.272 GMT-0800,257.656,256.874,0.0132,0.0132
13.11.2023 06:33:38.797 GMT-0800,257.406,256.874,0.0009,0.0132
13.11.2023 06:33:38.898 GMT-0800,257.656,257.074,0.0132,0.0132
13.11.2023 06:33:39.258 GMT-0800,257.656,256.884,0.0132,0.0132
13.11.2023 06:33:39.309 GMT-0800,257.666,256.884,0.0132,0.0132
13.11.2023 06:33:39.762 GMT-0800,257.666,256.874,0.0132,0.0132
13.11.2023 06:33:40.405 GMT-0800,257.666,256.884,0.0132,0.0009
13.11.2023 06:33:40.506 GMT-0800,257.666,256.884,0.0132,0.0112
13.11.2023 06:33:41.022 GMT-0800,257.466,257.134,0.0009,0.0132
13.11.2023 06:33:41.072 GMT-0800,257.366,256.874,0.0132,0.0132
13.11.2023 06:33:41.437 GMT-0800,257.466,256.874,0.0132,0.0132
13.11.2023 06:33:45.456 GMT-0800,257.366,256.874,0.0009,0.0132
13.11.2023 06:33:45.748 GMT-0800,257.356,256.874,0.0009,0.0132
13.11.2023 06:33:48.263 GMT-0800,257.286,256.874,0.0009,0.0132
13.11.2023 06:33:51.937 GMT-0800,257.146,256.874,0.0009,0.009
13.11.2023 06:33:51.988 GMT-0800,257.276,256.694,0.0132,0.009
13.11.2023 06:33:52.039 GMT-0800,257.276,256.684,0.0132,0.0132
13.11.2023 06:33:52.090 GMT-0800,257.276,256.67400000000004,0.0132,0.0132
13.11.2023 06:33:56.889 GMT-0800,257.286,256.67400000000004,0.0132,0.0132
13.11.2023 06:33:56.952 GMT-0800,257.26599999999996,256.67400000000004,0.0009,0.0132
13.11.2023 06:33:57.708 GMT-0800,257.256,256.67400000000004,0.0009,0.0132
13.11.2023 06:33:57.759 GMT-0800,257.26599999999996,256.67400000000004,0.0132,0.0132
13.11.2023 06:33:59.227 GMT-0800,257.276,256.67400000000004,0.0132,0.0132
13.11.2023 06:33:59.278 GMT-0800,257.286,256.67400000000004,0.0132,0.0132
13.11.2023 06:33:59.414 GMT-0800,257.07599999999996,256.67400000000004,0.0009,0.0132
13.11.2023 06:33:59.793 GMT-0800,256.94599999999997,256.67400000000004,0.0009,0.009
13.11.2023 06:33:59.843 GMT-0800,257.07599999999996,256.22400000000005,0.0132,0.0132
13.11.2023 06:33:59.894 GMT-0800,256.936,256.22400000000005,0.0132,0.0132
13.11.2023 06:34:06.595 GMT-0800,256.856,256.22400000000005,0.0009,0.0132
13.11.2023 06:34:06.992 GMT-0800,256.846,256.22400000000005,0.0009,0.0132
13.11.2023 06:34:08.157 GMT-0800,256.776,256.22400000000005,0.0132,0.0132
13.11.2023 06:34:09.397 GMT-0800,256.776,256.124,0.0132,0.0132
13.11.2023 06:34:10.021 GMT-0800,256.466,256.124,0.0009,0.009
13.11.2023 06:34:10.072 GMT-0800,256.466,255.77400000000003,0.0132,0.0132
13.11.2023 06:34:10.355 GMT-0800,256.456,255.77400000000003,0.0009,0.0132
13.11.2023 06:34:10.785 GMT-0800,256.44599999999997,255.77400000000003,0.0009,0.009
13.11.2023 06:34:10.836 GMT-0800,256.456,255.43400000000003,0.0132,0.0132
13.11.2023 06:34:10.887 GMT-0800,256.216,255.43400000000003,0.0009,0.0132
13.11.2023 06:34:10.988 GMT-0800,256.216,255.71400000000003,0.0132,0.0132
13.11.2023 06:34:11.412 GMT-0800,256.216,255.574,0.0132,0.0132
13.11.2023 06:34:12.353 GMT-0800,256.216,255.56400000000002,0.0132,0.009
13.11.2023 06:34:12.404 GMT-0800,256.216,255.44400000000002,0.0132,0.0132
13.11.2023 06:34:12.454 GMT-0800,256.216,255.454,0.0132,0.0009
13.11.2023 06:34:13.522 GMT-0800,256.216,255.47400000000002,0.0132,0.0009
13.11.2023 06:34:13.572 GMT-0800,256.216,255.454,0.0132,0.0132
13.11.2023 06:34:13.623 GMT-0800,256.216,255.47400000000002,0.0132,0.0132
13.11.2023 06:34:13.776 GMT-0800,256.216,255.454,0.0132,0.0132
13.11.2023 06:34:14.011 GMT-0800,257.236,255.454,0.0132,0.0132
13.11.2023 06:34:14.480 GMT-0800,256.586,255.454,0.0009,0.0132
13.11.2023 06:34:14.581 GMT-0800,256.956,255.50400000000002,0.0132,0.0132
13.11.2023 06:34:14.684 GMT-0800,256.836,255.50400000000002,0.0009,0.0132
13.11.2023 06:34:14.785 GMT-0800,256.956,255.50400000000002,0.0132,0.0132
13.11.2023 06:34:14.844 GMT-0800,256.956,255.50400000000002,0.0132,0.0112
13.11.2023 06:34:15.038 GMT-0800,256.626,255.68400000000003,0.0009,0.0132
13.11.2023 06:34:16.145 GMT-0800,257.166,255.674,0.0132,0.0132
13.11.2023 06:34:16.397 GMT-0800,257.546,255.674,0.0132,0.0132
13.11.2023 06:34:16.858 GMT-0800,257.236,255.674,0.0009,0.0132
13.11.2023 06:34:17.240 GMT-0800,257.546,255.49400000000003,0.0132,0.0132
13.11.2023 06:34:18.324 GMT-0800,257.156,255.49400000000003,0.0009,0.0132
13.11.2023 06:34:18.939 GMT-0800,256.44599999999997,255.49400000000003,0.0009,0.0132
13.11.2023 06:34:20.790 GMT-0800,256.376,255.49400000000003,0.0009,0.0132
13.11.2023 06:34:21.942 GMT-0800,256.376,255.49400000000003,0.0132,0.0112
13.11.2023 06:34:22.800 GMT-0800,256.996,255.704,0.013,0.0112
13.11.2023 06:34:22.851 GMT-0800,257.086,255.704,0.0132,0.0132
13.11.2023 06:34:23.125 GMT-0800,257.086,255.704,0.0132,0.0112
13.11.2023 06:34:23.310 GMT-0800,256.736,255.87400000000002,0.0009,0.0132
13.11.2023 06:34:23.834 GMT-0800,256.736,255.87400000000002,0.0132,0.0112
13.11.2023 06:34:24.762 GMT-0800,256.976,256.134,0.0132,0.0132
13.11.2023 06:34:24.874 GMT-0800,256.966,256.134,0.0009,0.0132
13.11.2023 06:34:24.924 GMT-0800,256.976,256.134,0.0132,0.0132
13.11.2023 06:34:25.919 GMT-0800,256.88599999999997,256.134,0.0009,0.0132
13.11.2023 06:34:26.131 GMT-0800,256.876,256.134,0.0009,0.0132
13.11.2023 06:34:26.232 GMT-0800,256.88599999999997,256.134,0.0132,0.0132
13.11.2023 06:34:26.817 GMT-0800,256.57599999999996,256.134,0.0009,0.0132
13.11.2023 06:34:27.371 GMT-0800,256.426,256.134,0.0009,0.009
13.11.2023 06:34:27.421 GMT-0800,256.426,255.87400000000002,0.0132,0.0132
13.11.2023 06:34:27.777 GMT-0800,256.57599999999996,255.87400000000002,0.0132,0.0132
13.11.2023 06:34:28.719 GMT-0800,256.566,255.87400000000002,0.0009,0.0132
13.11.2023 06:34:28.769 GMT-0800,256.57599999999996,255.87400000000002,0.0132,0.0132
13.11.2023 06:34:30.190 GMT-0800,256.566,255.87400000000002,0.0009,0.0132
13.11.2023 06:34:30.421 GMT-0800,256.57599999999996,255.87400000000002,0.0132,0.0132
13.11.2023 06:34:30.615 GMT-0800,256.426,255.87400000000002,0.0009,0.0132
13.11.2023 06:34:31.165 GMT-0800,256.896,255.87400000000002,0.0132,0.0132
13.11.2023 06:34:31.215 GMT-0800,256.896,256.084,0.0132,0.0132
13.11.2023 06:34:31.266 GMT-0800,256.916,256.084,0.0132,0.0132
13.11.2023 06:34:31.317 GMT-0800,256.966,256.084,0.0132,0.0132
13.11.2023 06:34:31.367 GMT-0800,256.646,256.084,0.0132,0.0132
13.11.2023 06:34:31.878 GMT-0800,256.566,256.084,0.0009,0.0132
13.11.2023 06:34:33.542 GMT-0800,256.646,256.084,0.013,0.0112
13.11.2023 06:34:33.593 GMT-0800,256.646,256.254,0.0132,0.0132
13.11.2023 06:34:33.937 GMT-0800,256.646,256.084,0.0132,0.0132
13.11.2023 06:34:34.459 GMT-0800,256.496,256.084,0.0009,0.0132
13.11.2023 06:34:35.379 GMT-0800,256.486,256.084,0.0009,0.0132
13.11.2023 06:34:39.231 GMT-0800,256.976,256.084,0.0132,0.0132
13.11.2023 06:34:39.364 GMT-0800,256.986,256.084,0.0132,0.0132
13.11.2023 06:34:42.237 GMT-0800,256.986,256.144,0.0132,0.0009
13.11.2023 06:34:42.500 GMT-0800,257.656,256.144,0.0132,0.0132
13.11.2023 06:34:43.281 GMT-0800,257.666,256.144,0.0132,0.0132
13.11.2023 06:34:43.746 GMT-0800,257.656,256.144,0.0009,0.0132
13.11.2023 06:34:43.919 GMT-0800,257.666,256.144,0.0132,0.0132
13.11.2023 06:34:44.834 GMT-0800,257.656,256.144,0.0009,0.0132
13.11.2023 06:34:44.936 GMT-0800,257.666,256.144,0.0132,0.0132
13.11.2023 06:34:45.645 GMT-0800,257.656,256.144,0.0009,0.0132
13.11.2023 06:34:45.747 GMT-0800,257.666,256.144,0.0132,0.0132
13.11.2023 06:34:46.224 GMT-0800,257.656,256.144,0.0009,0.0132
13.11.2023 06:34:46.325 GMT-0800,257.666,256.144,0.0132,0.0132
13.11.2023 06:34:46.867 GMT-0800,256.996,256.144,0.0009,0.0132
13.11.2023 06:34:47.331 GMT-0800,256.996,256.144,0.0132,0.0112
13.11.2023 06:34:47.817 GMT-0800,257.656,256.564,0.0132,0.0132
13.11.2023 06:34:47.868 GMT-0800,257.666,256.61400000000003,0.0132,0.0009
13.11.2023 06:34:48.036 GMT-0800,257.666,256.584,0.0132,0.0132
13.11.2023 06:34:48.308 GMT-0800,257.666,256.594,0.0132,0.0009
13.11.2023 06:34:48.521 GMT-0800,257.656,256.594,0.0009,0.0132
13.11.2023 06:34:48.623 GMT-0800,257.666,256.644,0.0132,0.0132
13.11.2023 06:34:49.436 GMT-0800,257.186,256.644,0.0009,0.0132
13.11.2023 06:34:49.654 GMT-0800,257.656,256.644,0.009,0.0132
13.11.2023 06:34:50.154 GMT-0800,257.656,256.644,0.0009,0.0112
13.11.2023 06:34:50.255 GMT-0800,257.666,256.934,0.0132,0.0132
13.11.2023 06:34:50.600 GMT-0800,257.496,256.934,0.0009,0.009
13.11.2023 06:34:50.651 GMT-0800,257.496,256.684,0.0132,0.0132
13.11.2023 06:34:50.954 GMT-0800,257.496,256.684,0.0132,0.0112
13.11.2023 06:34:51.066 GMT-0800,257.416,257.04400000000004,0.0132,0.0132
13.11.2023 06:34:52.302 GMT-0800,257.656,257.04400000000004,0.013,0.0112
13.11.2023 06:34:52.353 GMT-0800,257.656,256.784,0.0132,0.0132
13.11.2023 06:34:52.497 GMT-0800,257.656,256.784,0.0132,0.0112
13.11.2023 06:34:53.044 GMT-0800,257.646,256.884,0.0009,0.0132
13.11.2023 06:34:53.266 GMT-0800,257.666,256.884,0.0132,0.0132
13.11.2023 06:34:54.395 GMT-0800,257.656,256.884,0.0009,0.0132
13.11.2023 06:34:55.929 GMT-0800,257.466,256.884,0.0009,0.0132
13.11.2023 06:34:58.838 GMT-0800,257.466,256.894,0.0132,0.0009
13.11.2023 06:35:00.283 GMT-0800,257.466,256.904,0.0132,0.0009
13.11.2023 06:35:01.229 GMT-0800,257.466,256.92400000000004,0.0132,0.0009
13.11.2023 06:35:03.279 GMT-0800,257.466,256.904,0.0132,0.0132
13.11.2023 06:35:05.620 GMT-0800,257.466,256.884,0.0132,0.0132
13.11.2023 06:35:08.369 GMT-0800,257.466,256.884,0.0132,0.0112
13.11.2023 06:35:10.260 GMT-0800,257.436,257.024,0.0009,0.0132
13.11.2023 06:35:10.411 GMT-0800,257.506,257.024,0.0132,0.0132
13.11.2023 06:35:10.751 GMT-0800,257.506,257.014,0.0132,0.0132
13.11.2023 06:35:11.304 GMT-0800,257.466,257.014,0.0009,0.0132
13.11.2023 06:35:12.037 GMT-0800,257.456,257.014,0.0009,0.009
13.11.2023 06:35:12.087 GMT-0800,257.466,256.67400000000004,0.0132,0.0132
13.11.2023 06:35:12.341 GMT-0800,257.466,256.67400000000004,0.0132,0.0112
13.11.2023 06:35:12.543 GMT-0800,257.086,256.814,0.0009,0.009
13.11.2023 06:35:12.594 GMT-0800,257.086,256.634,0.0132,0.0132
13.11.2023 06:35:12.645 GMT-0800,257.07599999999996,256.634,0.0009,0.0132
13.11.2023 06:35:12.970 GMT-0800,257.056,256.634,0.0009,0.009
13.11.2023 06:35:13.021 GMT-0800,257.086,256.22400000000005,0.0132,0.0132
13.11.2023 06:35:13.492 GMT-0800,257.07599999999996,256.22400000000005,0.0009,0.0132
13.11.2023 06:35:13.593 GMT-0800,257.086,256.22400000000005,0.0132,0.0132
13.11.2023 06:35:14.899 GMT-0800,257.07599999999996,256.22400000000005,0.0009,0.0132
13.11.2023 06:35:14.956 GMT-0800,257.086,256.22400000000005,0.0132,0.0132
13.11.2023 06:35:15.057 GMT-0800,256.876,256.22400000000005,0.0132,0.0132
13.11.2023 06:35:15.306 GMT-0800,257.086,256.22400000000005,0.0132,0.0132
13.11.2023 06:35:15.442 GMT-0800,256.666,256.22400000000005,0.0009,0.0132
13.11.2023 06:35:15.724 GMT-0800,256.906,256.014,0.0132,0.0132
13.11.2023 06:35:15.825 GMT-0800,256.506,256.014,0.0132,0.0132
13.11.2023 06:35:16.061 GMT-0800,256.756,255.43400000000003,0.0132,0.009
13.11.2023 06:35:16.162 GMT-0800,256.306,255.36400000000003,0.0009,0.0112
13.11.2023 06:35:16.754 GMT-0800,256.306,255.37400000000002,0.0132,0.0132
13.11.2023 06:35:18.517 GMT-0800,256.306,255.37400000000002,0.0132,0.0112
13.11.2023 06:35:18.619 GMT-0800,256.346,255.454,0.0132,0.0132
13.11.2023 06:35:18.790 GMT-0800,256.626,255.454,0.0132,0.0132
13.11.2023 06:35:18.840 GMT-0800,256.626,255.49400000000003,0.0132,0.0132
13.11.2023 06:35:19.058 GMT-0800,256.616,255.49400000000003,0.0132,0.0132
13.11.2023 06:35:20.448 GMT-0800,256.606,255.49400000000003,0.0009,0.0132
13.11.2023 06:35:20.609 GMT-0800,256.616,255.49400000000003,0.0132,0.0132
13.11.2023 06:35:21.280 GMT-0800,256.616,255.484,0.0132,0.0132
13.11.2023 06:35:21.706 GMT-0800,256.626,255.484,0.0132,0.0132
13.11.2023 06:35:21.854 GMT-0800,256.526,255.484,0.0009,0.0112
13.11.2023 06:35:22.217 GMT-0800,256.51599999999996,255.55400000000003,0.0009,0.0132
13.11.2023 06:35:22.369 GMT-0800,256.526,255.55400000000003,0.0132,0.0132
13.11.2023 06:35:22.563 GMT-0800,256.436,255.55400000000003,0.0009,0.0132
13.11.2023 06:35:22.921 GMT-0800,256.506,255.55400000000003,0.0132,0.0132
13.11.2023 06:35:23.022 GMT-0800,256.51599999999996,255.55400000000003,0.0132,0.0132
13.11.2023 06:35:23.072 GMT-0800,256.436,255.55400000000003,0.0009,0.0132
13.11.2023 06:35:23.331 GMT-0800,256.436,255.574,0.0132,0.0009
13.11.2023 06:35:23.485 GMT-0800,256.426,255.574,0.0009,0.0132
13.11.2023 06:35:23.644 GMT-0800,256.436,255.574,0.0132,0.0132
13.11.2023 06:35:23.695 GMT-0800,256.436,255.55400000000003,0.0132,0.0132
13.11.2023 06:35:24.083 GMT-0800,256.436,255.574,0.0132,0.0009
13.11.2023 06:35:24.184 GMT-0800,256.19599999999997,255.574,0.0132,0.0009
13.11.2023 06:35:24.235 GMT-0800,256.19599999999997,255.55400000000003,0.0132,0.0132
13.11.2023 06:35:26.495 GMT-0800,255.956,255.55400000000003,0.0009,0.0132
13.11.2023 06:35:27.136 GMT-0800,255.946,255.55400000000003,0.0009,0.0132
13.11.2023 06:35:27.761 GMT-0800,255.946,255.58400000000003,0.0132,0.0009
13.11.2023 06:35:27.870 GMT-0800,255.946,255.59400000000002,0.0132,0.0009
13.11.2023 06:35:28.193 GMT-0800,256.19599999999997,255.59400000000002,0.0132,0.0132
13.11.2023 06:35:28.302 GMT-0800,255.96599999999998,255.59400000000002,0.0009,0.009
13.11.2023 06:35:29.993 GMT-0800,255.80599999999998,255.55400000000003,0.0009,0.009
13.11.2023 06:35:30.046 GMT-0800,255.80599999999998,255.40400000000002,0.0132,0.0132
13.11.2023 06:35:30.398 GMT-0800,256.056,255.40400000000002,0.0132,0.0132
13.11.2023 06:35:30.521 GMT-0800,256.066,255.40400000000002,0.0132,0.0132
13.11.2023 06:35:31.109 GMT-0800,256.056,255.40400000000002,0.0009,0.0132
13.11.2023 06:35:31.345 GMT-0800,256.066,255.40400000000002,0.0132,0.0132
13.11.2023 06:35:32.932 GMT-0800,256.056,255.40400000000002,0.0009,0.0132
13.11.2023 06:35:33.102 GMT-0800,256.066,255.40400000000002,0.0132,0.0132
13.11.2023 06:35:33.254 GMT-0800,256.436,255.40400000000002,0.013,0.0112
13.11.2023 06:35:33.355 GMT-0800,256.486,255.69400000000002,0.0132,0.0132
13.11.2023 06:35:33.407 GMT-0800,257.216,255.69400000000002,0.0132,0.0132
13.11.2023 06:35:33.457 GMT-0800,256.51599999999996,255.69400000000002,0.0132,0.0132
13.11.2023 06:35:33.508 GMT-0800,256.63599999999997,255.69400000000002,0.0132,0.0132
13.11.2023 06:35:33.559 GMT-0800,256.666,255.69400000000002,0.0132,0.0132
13.11.2023 06:35:33.660 GMT-0800,256.496,255.69400000000002,0.0132,0.0132
13.11.2023 06:35:36.207 GMT-0800,256.376,255.69400000000002,0.0009,0.0132
13.11.2023 06:35:37.965 GMT-0800,256.366,255.69400000000002,0.0009,0.0132
13.11.2023 06:35:38.337 GMT-0800,256.01599999999996,255.69400000000002,0.0009,0.009
13.11.2023 06:35:38.387 GMT-0800,256.01599999999996,255.38400000000001,0.0132,0.0132
13.11.2023 06:35:38.740 GMT-0800,256.376,255.38400000000001,0.0132,0.0132
13.11.2023 06:35:38.791 GMT-0800,256.366,255.38400000000001,0.0132,0.0132
13.11.2023 06:35:39.000 GMT-0800,256.366,255.37400000000002,0.0132,0.0132
13.11.2023 06:35:39.370 GMT-0800,256.366,255.38400000000001,0.0132,0.0009
13.11.2023 06:35:39.627 GMT-0800,256.356,255.38400000000001,0.0009,0.0132
13.11.2023 06:35:39.678 GMT-0800,256.366,255.38400000000001,0.0132,0.0132
13.11.2023 06:35:39.750 GMT-0800,255.926,255.38400000000001,0.0009,0.0132
13.11.2023 06:35:40.613 GMT-0800,255.726,255.38400000000001,0.0009,0.009
13.11.2023 06:35:40.664 GMT-0800,255.726,255.05400000000003,0.0132,0.0132
13.11.2023 06:35:40.939 GMT-0800,255.596,255.05400000000003,0.0009,0.009
13.11.2023 06:35:40.990 GMT-0800,255.596,254.93400000000003,0.0132,0.0132
13.11.2023 06:35:41.191 GMT-0800,255.576,254.93400000000003,0.0132,0.0132
13.11.2023 06:35:41.456 GMT-0800,255.576,254.25400000000002,0.0132,0.0132
13.11.2023 06:35:41.550 GMT-0800,255.576,254.25400000000002,0.0132,0.0112
13.11.2023 06:35:41.717 GMT-0800,255.576,254.24400000000003,0.0132,0.0132
13.11.2023 06:35:42.037 GMT-0800,255.576,254.24400000000003,0.0132,0.0112
13.11.2023 06:35:42.188 GMT-0800,255.86599999999999,254.91400000000002,0.0132,0.0132
13.11.2023 06:35:42.239 GMT-0800,255.86599999999999,254.24400000000003,0.0132,0.0132
13.11.2023 06:35:42.290 GMT-0800,255.86599999999999,254.93400000000003,0.0132,0.0132
13.11.2023 06:35:42.931 GMT-0800,255.86599999999999,254.94400000000002,0.0132,0.0009
13.11.2023 06:35:43.032 GMT-0800,255.856,254.94400000000002,0.009,0.0132
13.11.2023 06:35:43.083 GMT-0800,255.86599999999999,254.94400000000002,0.0132,0.0132
13.11.2023 06:35:43.554 GMT-0800,255.856,254.24400000000003,0.0132,0.0132
13.11.2023 06:35:43.815 GMT-0800,255.86599999999999,254.24400000000003,0.009,0.0132
13.11.2023 06:35:43.866 GMT-0800,255.926,254.24400000000003,0.0132,0.0132
13.11.2023 06:35:44.148 GMT-0800,255.916,254.24400000000003,0.0009,0.0132
13.11.2023 06:35:44.249 GMT-0800,255.926,254.24400000000003,0.0132,0.0132
13.11.2023 06:35:44.527 GMT-0800,255.926,254.24400000000003,0.0132,0.0112
13.11.2023 06:35:45.485 GMT-0800,255.916,254.43400000000003,0.0009,0.0132
13.11.2023 06:35:45.586 GMT-0800,255.926,254.43400000000003,0.0132,0.0132
13.11.2023 06:35:46.254 GMT-0800,255.11599999999999,254.43400000000003,0.0009,0.0132
13.11.2023 06:35:47.097 GMT-0800,255.926,254.43400000000003,0.0132,0.0132
13.11.2023 06:35:47.657 GMT-0800,255.916,254.43400000000003,0.0009,0.0132
13.11.2023 06:35:47.708 GMT-0800,255.926,254.43400000000003,0.0132,0.0132
13.11.2023 06:35:48.615 GMT-0800,255.916,254.43400000000003,0.0009,0.0132
13.11.2023 06:35:49.450 GMT-0800,255.90599999999998,254.43400000000003,0.0009,0.0132
13.11.2023 06:35:50.298 GMT-0800,255.916,254.43400000000003,0.013,0.0132
13.11.2023 06:35:50.351 GMT-0800,255.916,254.43400000000003,0.0132,0.0132
13.11.2023 06:35:50.555 GMT-0800,255.90599999999998,254.43400000000003,0.0009,0.0132
13.11.2023 06:35:50.658 GMT-0800,255.916,254.43400000000003,0.0132,0.0132
13.11.2023 06:35:50.709 GMT-0800,255.926,254.62400000000002,0.0132,0.0132
13.11.2023 06:35:53.143 GMT-0800,255.08599999999998,254.62400000000002,0.0009,0.0132
13.11.2023 06:35:53.349 GMT-0800,255.076,254.62400000000002,0.0009,0.0132
13.11.2023 06:35:53.637 GMT-0800,255.016,254.62400000000002,0.0009,0.0132
13.11.2023 06:35:55.607 GMT-0800,254.886,254.62400000000002,0.0009,0.009
13.11.2023 06:35:55.658 GMT-0800,254.846,254.49400000000003,0.0132,0.0132
13.11.2023 06:35:55.738 GMT-0800,255.016,254.49400000000003,0.013,0.0112
13.11.2023 06:35:55.789 GMT-0800,255.016,254.58400000000003,0.0132,0.0132
13.11.2023 06:35:56.422 GMT-0800,255.016,254.33400000000003,0.0132,0.0132
13.11.2023 06:35:56.472 GMT-0800,254.96599999999998,254.33400000000003,0.0132,0.0132
13.11.2023 06:35:56.581 GMT-0800,254.956,254.33400000000003,0.0009,0.0132
13.11.2023 06:35:56.841 GMT-0800,254.626,254.33400000000003,0.0009,0.0132
13.11.2023 06:35:58.046 GMT-0800,254.626,253.704,0.0132,0.0132
13.11.2023 06:35:58.271 GMT-0800,254.626,253.704,0.0132,0.0112
13.11.2023 06:35:59.181 GMT-0800,254.52599999999998,253.94400000000002,0.0009,0.0132
13.11.2023 06:36:00.042 GMT-0800,254.626,253.94400000000002,0.0132,0.0132
13.11.2023 06:36:00.900 GMT-0800,255.016,253.94400000000002,0.0132,0.0132
13.11.2023 06:36:02.399 GMT-0800,254.46599999999998,253.94400000000002,0.0009,0.0132
13.11.2023 06:36:03.219 GMT-0800,254.456,253.94400000000002,0.0009,0.0132
13.11.2023 06:36:04.022 GMT-0800,254.43599999999998,253.94400000000002,0.0009,0.0132
13.11.2023 06:36:04.873 GMT-0800,255.016,253.94400000000002,0.0132,0.0132
13.11.2023 06:36:06.422 GMT-0800,254.416,253.94400000000002,0.0009,0.0132
13.11.2023 06:36:06.801 GMT-0800,255.016,253.94400000000002,0.013,0.0112
13.11.2023 06:36:06.851 GMT-0800,254.416,253.94400000000002,0.0132,0.009
13.11.2023 06:36:06.902 GMT-0800,254.416,253.93400000000003,0.0132,0.0132
13.11.2023 06:36:06.953 GMT-0800,254.416,253.94400000000002,0.0132,0.0132
13.11.2023 06:36:09.490 GMT-0800,254.96599999999998,254.12400000000002,0.0132,0.0132
13.11.2023 06:36:09.854 GMT-0800,255.976,254.12400000000002,0.0132,0.0132
13.11.2023 06:36:10.506 GMT-0800,255.206,254.12400000000002,0.0132,0.0132
13.11.2023 06:36:10.761 GMT-0800,254.99599999999998,254.12400000000002,0.0009,0.0132
13.11.2023 06:36:11.333 GMT-0800,254.96599999999998,254.12400000000002,0.0132,0.0132
13.11.2023 06:36:11.815 GMT-0800,254.956,254.12400000000002,0.0009,0.0132
13.11.2023 06:36:12.130 GMT-0800,255.036,254.12400000000002,0.0132,0.0132
13.11.2023 06:36:12.358 GMT-0800,255.766,254.12400000000002,0.0132,0.0132
13.11.2023 06:36:13.751 GMT-0800,255.706,254.12400000000002,0.0132,0.0132
13.11.2023 06:36:15.157 GMT-0800,255.286,254.12400000000002,0.0009,0.0112
13.11.2023 06:36:15.258 GMT-0800,255.286,254.324,0.0132,0.0132
13.11.2023 06:36:15.309 GMT-0800,255.286,254.324,0.0132,0.0112
13.11.2023 06:36:15.410 GMT-0800,255.08599999999998,254.43400000000003,0.0132,0.0132
13.11.2023 06:36:16.820 GMT-0800,254.986,254.43400000000003,0.0009,0.0132
13.11.2023 06:36:18.943 GMT-0800,254.96599999999998,254.43400000000003,0.0009,0.0132
13.11.2023 06:36:19.156 GMT-0800,254.986,254.43400000000003,0.0132,0.0132
13.11.2023 06:36:22.422 GMT-0800,255.346,254.43400000000003,0.013,0.0112
13.11.2023 06:36:22.537 GMT-0800,255.346,254.64400000000003,0.0132,0.0132
13.11.2023 06:36:22.949 GMT-0800,255.05599999999998,254.64400000000003,0.0009,0.0132
13.11.2023 06:36:27.104 GMT-0800,254.916,254.64400000000003,0.0009,0.009
13.11.2023 06:36:27.155 GMT-0800,254.916,254.43400000000003,0.0132,0.0132
13.11.2023 06:36:27.401 GMT-0800,254.846,254.43400000000003,0.0009,0.009
13.11.2023 06:36:27.452 GMT-0800,254.846,254.12400000000002,0.0132,0.0132
13.11.2023 06:36:34.809 GMT-0800,254.846,254.18400000000003,0.0132,0.0009
13.11.2023 06:36:35.057 GMT-0800,254.71599999999998,254.44400000000002,0.0009,0.009
13.11.2023 06:36:35.137 GMT-0800,254.71599999999998,254.18400000000003,0.0132,0.0132
13.11.2023 06:36:35.462 GMT-0800,254.846,254.18400000000003,0.0132,0.0132
13.11.2023 06:36:43.699 GMT-0800,254.846,254.18400000000003,0.0132,0.0112
13.11.2023 06:36:43.749 GMT-0800,254.846,254.18400000000003,0.0132,0.0132
13.11.2023 06:36:46.089 GMT-0800,254.846,254.18400000000003,0.0132,0.0112
13.11.2023 06:36:51.697 GMT-0800,254.77599999999998,254.264,0.0009,0.0132
13.11.2023 06:36:56.251 GMT-0800,254.77599999999998,254.27400000000003,0.0132,0.0009
13.11.2023 06:36:56.585 GMT-0800,254.71599999999998,254.31400000000002,0.0132,0.0009
13.11.2023 06:36:59.713 GMT-0800,254.676,254.31400000000002,0.0009,0.0132
13.11.2023 06:37:01.481 GMT-0800,255.05599999999998,254.31400000000002,0.013,0.0112
13.11.2023 06:37:01.532 GMT-0800,255.05599999999998,254.454,0.0132,0.0132
13.11.2023 06:37:04.808 GMT-0800,255.05599999999998,254.454,0.0132,0.0112
13.11.2023 06:37:07.266 GMT-0800,255.05599999999998,254.64400000000003,0.0132,0.0009
13.11.2023 06:37:08.006 GMT-0800,255.05599999999998,254.64400000000003,0.0132,0.0112
13.11.2023 06:37:10.130 GMT-0800,255.176,254.63400000000001,0.0132,0.0132
13.11.2023 06:37:10.504 GMT-0800,255.356,254.63400000000001,0.0132,0.0132
13.11.2023 06:37:10.601 GMT-0800,255.146,254.63400000000001,0.0009,0.009
13.11.2023 06:37:10.651 GMT-0800,255.146,254.454,0.0132,0.0132
13.11.2023 06:37:11.000 GMT-0800,255.426,254.454,0.0132,0.0132
13.11.2023 06:37:12.261 GMT-0800,255.136,254.454,0.0009,0.0132
13.11.2023 06:37:12.312 GMT-0800,255.206,254.454,0.0009,0.0132
13.11.2023 06:37:12.896 GMT-0800,254.886,254.454,0.0009,0.0132
13.11.2023 06:37:15.119 GMT-0800,254.736,254.454,0.0009,0.009
13.11.2023 06:37:15.169 GMT-0800,254.736,254.31400000000002,0.0132,0.0132
13.11.2023 06:37:15.515 GMT-0800,255.136,254.31400000000002,0.0132,0.0132
13.11.2023 06:37:16.436 GMT-0800,255.146,254.31400000000002,0.0132,0.0132
13.11.2023 06:37:17.476 GMT-0800,254.666,254.31400000000002,0.0009,0.0132
13.11.2023 06:37:18.786 GMT-0800,255.146,254.31400000000002,0.013,0.0112
13.11.2023 06:37:18.837 GMT-0800,255.15599999999998,254.43400000000003,0.0132,0.0132
13.11.2023 06:37:21.059 GMT-0800,254.846,254.43400000000003,0.0009,0.0132
13.11.2023 06:37:21.110 GMT-0800,255.286,254.43400000000003,0.0132,0.0132
13.11.2023 06:37:21.491 GMT-0800,255.426,254.43400000000003,0.013,0.0112
13.11.2023 06:37:21.542 GMT-0800,255.396,254.43400000000003,0.009,0.0132
13.11.2023 06:37:21.708 GMT-0800,255.146,254.43400000000003,0.0009,0.0132
13.11.2023 06:37:21.875 GMT-0800,255.146,254.38400000000001,0.0132,0.0132
13.11.2023 06:37:25.479 GMT-0800,254.896,254.38400000000001,0.0009,0.0132
13.11.2023 06:37:25.916 GMT-0800,254.896,254.38400000000001,0.0132,0.0112
13.11.2023 06:37:26.650 GMT-0800,255.146,254.544,0.013,0.0112
13.11.2023 06:37:26.700 GMT-0800,255.146,254.65400000000002,0.0132,0.0132
13.11.2023 06:37:27.258 GMT-0800,255.146,254.65400000000002,0.0132,0.0112
13.11.2023 06:37:27.309 GMT-0800,255.016,254.544,0.0132,0.0132
13.11.2023 06:37:27.512 GMT-0800,255.146,254.58400000000003,0.013,0.0009
13.11.2023 06:37:27.564 GMT-0800,255.146,254.58400000000003,0.0132,0.0132
13.11.2023 06:37:27.936 GMT-0800,254.976,254.58400000000003,0.0009,0.0132
13.11.2023 06:37:30.177 GMT-0800,254.976,254.58400000000003,0.009,0.0112
13.11.2023 06:37:30.227 GMT-0800,255.036,254.71400000000003,0.0132,0.0132
13.11.2023 06:37:30.558 GMT-0800,255.036,254.58400000000003,0.0132,0.0132
13.11.2023 06:37:31.161 GMT-0800,255.146,254.58400000000003,0.013,0.0112
13.11.2023 06:37:31.211 GMT-0800,255.146,254.74400000000003,0.0132,0.0132
13.11.2023 06:37:31.553 GMT-0800,255.146,254.58400000000003,0.0132,0.0132
13.11.2023 06:37:32.051 GMT-0800,255.36599999999999,254.58400000000003,0.0132,0.0132
13.11.2023 06:37:32.111 GMT-0800,255.33599999999998,254.58400000000003,0.0009,0.0132
13.11.2023 06:37:32.994 GMT-0800,255.36599999999999,254.58400000000003,0.0132,0.0132
13.11.2023 06:37:33.045 GMT-0800,255.33599999999998,254.58400000000003,0.0132,0.0132
13.11.2023 06:37:36.733 GMT-0800,255.36599999999999,254.58400000000003,0.0132,0.0132
13.11.2023 06:37:36.836 GMT-0800,255.33599999999998,254.58400000000003,0.0009,0.0132
13.11.2023 06:37:37.827 GMT-0800,254.96599999999998,254.58400000000003,0.0009,0.0132
13.11.2023 06:37:43.358 GMT-0800,255.426,254.704,0.0132,0.0132
13.11.2023 06:37:43.561 GMT-0800,255.316,254.704,0.0009,0.009
13.11.2023 06:37:43.612 GMT-0800,255.566,254.64400000000003,0.013,0.0132
13.11.2023 06:37:43.663 GMT-0800,255.566,254.64400000000003,0.0132,0.0132
13.11.2023 06:37:43.713 GMT-0800,255.316,254.64400000000003,0.0132,0.0132
13.11.2023 06:37:46.438 GMT-0800,255.236,254.65400000000002,0.0132,0.0009
13.11.2023 06:37:48.872 GMT-0800,255.136,254.65400000000002,0.0009,0.0132
13.11.2023 06:37:55.787 GMT-0800,254.856,254.65400000000002,0.0009,0.009
13.11.2023 06:37:55.837 GMT-0800,254.856,254.43400000000003,0.0132,0.0132
13.11.2023 06:37:56.450 GMT-0800,255.136,254.43400000000003,0.0132,0.0132
13.11.2023 06:37:56.501 GMT-0800,255.05599999999998,254.12400000000002,0.0132,0.0132
13.11.2023 06:37:59.112 GMT-0800,254.976,254.12400000000002,0.0009,0.0132
13.11.2023 06:38:02.106 GMT-0800,254.986,254.12400000000002,0.0132,0.0132
13.11.2023 06:38:02.164 GMT-0800,255.066,254.12400000000002,0.013,0.0112
13.11.2023 06:38:02.215 GMT-0800,255.066,254.294,0.0132,0.0132
13.11.2023 06:38:06.039 GMT-0800,254.986,254.294,0.0009,0.0132
13.11.2023 06:38:07.075 GMT-0800,255.05599999999998,254.294,0.0132,0.0132
13.11.2023 06:38:07.996 GMT-0800,254.986,254.294,0.0009,0.0132
13.11.2023 06:38:08.098 GMT-0800,255.05599999999998,254.294,0.0132,0.0132
13.11.2023 06:38:08.748 GMT-0800,254.986,254.294,0.0009,0.0132
13.11.2023 06:38:10.202 GMT-0800,255.05599999999998,254.294,0.0132,0.0132
13.11.2023 06:38:11.799 GMT-0800,255.05599999999998,254.294,0.009,0.0112
13.11.2023 06:38:11.850 GMT-0800,255.066,254.484,0.0132,0.0132
13.11.2023 06:38:17.366 GMT-0800,255.566,254.484,0.013,0.0112
13.11.2023 06:38:17.417 GMT-0800,255.55599999999998,254.75400000000002,0.0132,0.0132
13.11.2023 06:38:17.530 GMT-0800,255.33599999999998,254.75400000000002,0.0009,0.0132
13.11.2023 06:38:19.410 GMT-0800,255.346,254.74400000000003,0.0132,0.0132
13.11.2023 06:38:19.488 GMT-0800,255.33599999999998,254.764,0.0009,0.0009
13.11.2023 06:38:24.182 GMT-0800,255.33599999999998,254.824,0.0132,0.0009
13.11.2023 06:38:24.334 GMT-0800,255.40599999999998,254.824,0.013,0.0112
13.11.2023 06:38:24.443 GMT-0800,255.566,255.00400000000002,0.0132,0.0132
13.11.2023 06:38:24.677 GMT-0800,255.566,254.83400000000003,0.0132,0.0132
13.11.2023 06:38:25.301 GMT-0800,255.536,254.83400000000003,0.0009,0.0132
13.11.2023 06:38:25.352 GMT-0800,255.566,254.83400000000003,0.0132,0.0132
13.11.2023 06:38:26.855 GMT-0800,255.566,254.75400000000002,0.0132,0.0132
13.11.2023 06:38:27.095 GMT-0800,255.566,254.75400000000002,0.0132,0.0112
13.11.2023 06:38:28.176 GMT-0800,255.566,254.94400000000002,0.0132,0.0009
13.11.2023 06:38:32.479 GMT-0800,256.356,254.94400000000002,0.013,0.0112
13.11.2023 06:38:32.530 GMT-0800,255.706,254.94400000000002,0.0132,0.0132
13.11.2023 06:38:33.311 GMT-0800,255.706,254.96400000000003,0.0132,0.0009
13.11.2023 06:38:37.394 GMT-0800,255.706,255.00400000000002,0.0132,0.0009
13.11.2023 06:38:37.829 GMT-0800,255.706,255.02400000000003,0.0132,0.0009
13.11.2023 06:38:38.384 GMT-0800,255.766,255.00400000000002,0.0132,0.0132
13.11.2023 06:38:38.631 GMT-0800,255.676,255.00400000000002,0.0009,0.0132
13.11.2023 06:38:39.607 GMT-0800,255.766,255.00400000000002,0.0132,0.0132
13.11.2023 06:38:40.427 GMT-0800,255.74599999999998,255.014,0.0009,0.0009
13.11.2023 06:38:40.608 GMT-0800,255.74599999999998,255.014,0.013,0.0132
13.11.2023 06:38:40.659 GMT-0800,255.74599999999998,255.014,0.0132,0.0132
13.11.2023 06:38:40.760 GMT-0800,255.896,255.014,0.0132,0.0132
13.11.2023 06:38:41.448 GMT-0800,255.876,255.014,0.0009,0.0132
13.11.2023 06:38:41.665 GMT-0800,255.86599999999999,255.014,0.0009,0.0132
13.11.2023 06:38:41.766 GMT-0800,255.876,255.014,0.0132,0.0132
13.11.2023 06:38:42.771 GMT-0800,255.86599999999999,255.014,0.0009,0.0132
13.11.2023 06:38:42.822 GMT-0800,255.976,255.014,0.0132,0.0132
13.11.2023 06:38:43.111 GMT-0800,255.856,255.014,0.0009,0.0132
13.11.2023 06:38:43.821 GMT-0800,255.846,255.014,0.0009,0.0132
13.11.2023 06:38:43.973 GMT-0800,255.856,255.014,0.0132,0.0132
13.11.2023 06:38:44.159 GMT-0800,255.856,255.05400000000003,0.0132,0.0009
13.11.2023 06:38:45.016 GMT-0800,255.846,255.05400000000003,0.0009,0.0132
13.11.2023 06:38:45.117 GMT-0800,255.61599999999999,255.05400000000003,0.0132,0.0132
13.11.2023 06:38:46.745 GMT-0800,255.606,255.05400000000003,0.0009,0.0132
13.11.2023 06:38:46.864 GMT-0800,255.596,255.05400000000003,0.0009,0.0132
13.11.2023 06:38:47.037 GMT-0800,255.396,255.05400000000003,0.0009,0.009
13.11.2023 06:38:47.087 GMT-0800,255.596,254.69400000000002,0.0132,0.0132
13.11.2023 06:38:47.337 GMT-0800,255.516,254.69400000000002,0.0009,0.0132
13.11.2023 06:38:47.641 GMT-0800,255.516,254.64400000000003,0.0132,0.0132
13.11.2023 06:38:49.670 GMT-0800,255.386,254.64400000000003,0.0009,0.0132
13.11.2023 06:38:49.820 GMT-0800,255.146,254.64400000000003,0.0009,0.0132
13.11.2023 06:38:50.245 GMT-0800,255.15599999999998,254.64400000000003,0.0132,0.0132
13.11.2023 06:38:50.959 GMT-0800,255.136,254.64400000000003,0.0009,0.0132
13.11.2023 06:38:51.710 GMT-0800,254.956,254.64400000000003,0.0009,0.009
13.11.2023 06:38:51.761 GMT-0800,254.956,254.12400000000002,0.0132,0.0132
13.11.2023 06:38:52.060 GMT-0800,254.666,254.12400000000002,0.0009,0.0132
13.11.2023 06:38:52.619 GMT-0800,254.65599999999998,254.12400000000002,0.0009,0.0132
13.11.2023 06:38:53.175 GMT-0800,254.646,254.12400000000002,0.0009,0.0132
13.11.2023 06:38:54.288 GMT-0800,254.636,254.12400000000002,0.0009,0.0132
13.11.2023 06:38:55.890 GMT-0800,255.566,254.12400000000002,0.013,0.0112
13.11.2023 06:38:55.941 GMT-0800,255.18599999999998,254.12400000000002,0.0132,0.0132
13.11.2023 06:38:57.277 GMT-0800,254.846,254.12400000000002,0.0009,0.0132
13.11.2023 06:38:57.613 GMT-0800,254.846,254.12400000000002,0.0132,0.0112
13.11.2023 06:38:57.830 GMT-0800,254.83599999999998,254.324,0.0009,0.0132
13.11.2023 06:38:58.771 GMT-0800,255.256,254.324,0.0132,0.0132
13.11.2023 06:38:58.822 GMT-0800,255.256,254.33400000000003,0.0132,0.0132
13.11.2023 06:38:59.712 GMT-0800,255.30599999999998,254.33400000000003,0.0132,0.0132
13.11.2023 06:39:00.116 GMT-0800,255.136,254.33400000000003,0.0132,0.0132
13.11.2023 06:39:01.213 GMT-0800,255.126,254.33400000000003,0.0009,0.0132
13.11.2023 06:39:06.184 GMT-0800,255.126,254.33400000000003,0.0132,0.0112
13.11.2023 06:39:06.234 GMT-0800,254.956,254.33400000000003,0.0009,0.0132
13.11.2023 06:39:07.300 GMT-0800,254.956,254.36400000000003,0.0132,0.0009
13.11.2023 06:39:09.630 GMT-0800,254.946,254.36400000000003,0.0132,0.0132
13.11.2023 06:39:11.263 GMT-0800,254.93599999999998,254.36400000000003,0.0009,0.0132
13.11.2023 06:39:16.054 GMT-0800,254.93599999999998,254.37400000000002,0.0132,0.0009
13.11.2023 06:39:17.392 GMT-0800,254.93599999999998,254.39400000000003,0.0132,0.0009
13.11.2023 06:39:20.786 GMT-0800,254.926,254.39400000000003,0.0009,0.0132
13.11.2023 06:39:21.134 GMT-0800,254.926,254.37400000000002,0.0132,0.0132
13.11.2023 06:39:21.306 GMT-0800,254.926,254.36400000000003,0.0132,0.0132
13.11.2023 06:39:21.356 GMT-0800,254.916,254.36400000000003,0.0009,0.0132
13.11.2023 06:39:26.219 GMT-0800,254.916,254.36400000000003,0.0132,0.0112
13.11.2023 06:39:29.746 GMT-0800,255.426,254.514,0.013,0.0009
13.11.2023 06:39:29.798 GMT-0800,255.426,254.514,0.0132,0.0132
13.11.2023 06:39:30.086 GMT-0800,255.346,254.514,0.0009,0.0132
13.11.2023 06:39:30.188 GMT-0800,255.27599999999998,254.514,0.0009,0.0132
13.11.2023 06:39:30.289 GMT-0800,255.346,254.514,0.0132,0.0132
13.11.2023 06:39:30.439 GMT-0800,255.27599999999998,254.514,0.0009,0.0132
13.11.2023 06:39:30.622 GMT-0800,255.346,254.514,0.0132,0.0132
13.11.2023 06:39:31.140 GMT-0800,255.016,254.514,0.0009,0.0132
13.11.2023 06:39:31.694 GMT-0800,254.90599999999998,254.514,0.0009,0.0132
13.11.2023 06:39:32.126 GMT-0800,254.90599999999998,254.47400000000002,0.0132,0.0132
13.11.2023 06:39:32.260 GMT-0800,254.896,254.49400000000003,0.0009,0.0009
13.11.2023 06:39:35.708 GMT-0800,255.43599999999998,254.49400000000003,0.0132,0.0132
13.11.2023 06:39:36.465 GMT-0800,255.506,254.49400000000003,0.0132,0.0132
13.11.2023 06:39:36.611 GMT-0800,255.576,254.49400000000003,0.0132,0.0132
13.11.2023 06:39:36.677 GMT-0800,255.40599999999998,254.55400000000003,0.0009,0.0009
13.11.2023 06:39:37.044 GMT-0800,255.066,254.55400000000003,0.0009,0.0132
13.11.2023 06:39:37.197 GMT-0800,255.066,254.59400000000002,0.0132,0.0009
13.11.2023 06:39:38.282 GMT-0800,255.066,254.55400000000003,0.0132,0.0132
13.11.2023 06:39:39.045 GMT-0800,255.986,254.55400000000003,0.013,0.0112
13.11.2023 06:39:39.095 GMT-0800,255.626,254.55400000000003,0.0132,0.0132
13.11.2023 06:39:39.456 GMT-0800,255.77599999999998,254.55400000000003,0.0132,0.0132
13.11.2023 06:39:39.653 GMT-0800,255.516,254.55400000000003,0.0009,0.0132
13.11.2023 06:39:39.916 GMT-0800,255.77599999999998,254.55400000000003,0.0132,0.0132
13.11.2023 06:39:40.196 GMT-0800,255.636,254.55400000000003,0.0009,0.0132
13.11.2023 06:39:40.409 GMT-0800,255.536,254.55400000000003,0.0009,0.0132
13.11.2023 06:39:44.480 GMT-0800,255.176,254.55400000000003,0.0009,0.0132
13.11.2023 06:39:44.878 GMT-0800,255.286,254.55400000000003,0.0132,0.0132
13.11.2023 06:39:44.929 GMT-0800,255.176,254.55400000000003,0.0132,0.0132
13.11.2023 06:39:45.032 GMT-0800,255.176,254.59400000000002,0.0132,0.0132
13.11.2023 06:39:47.323 GMT-0800,255.176,254.63400000000001,0.0132,0.0009
13.11.2023 06:39:57.391 GMT-0800,255.636,254.66400000000002,0.013,0.0009
13.11.2023 06:39:57.442 GMT-0800,255.636,254.77400000000003,0.0132,0.0132
13.11.2023 06:39:57.659 GMT-0800,255.636,254.77400000000003,0.0132,0.0112
13.11.2023 06:39:57.908 GMT-0800,255.376,254.924,0.0009,0.0132
13.11.2023 06:39:58.285 GMT-0800,255.546,254.924,0.013,0.0112
13.11.2023 06:39:58.335 GMT-0800,255.546,255.104,0.0132,0.0132
13.11.2023 06:39:59.352 GMT-0800,255.486,254.89400000000003,0.0132,0.0132
13.11.2023 06:39:59.738 GMT-0800,255.486,254.924,0.0132,0.0009
13.11.2023 06:39:59.897 GMT-0800,255.476,254.924,0.0009,0.0132
13.11.2023 06:40:06.193 GMT-0800,255.476,254.93400000000003,0.0132,0.0009
13.11.2023 06:40:08.198 GMT-0800,255.476,254.94400000000002,0.0132,0.0009
13.11.2023 06:40:12.279 GMT-0800,255.476,254.94400000000002,0.0132,0.0112
13.11.2023 06:40:12.898 GMT-0800,255.566,255.13400000000001,0.013,0.0112
13.11.2023 06:40:12.949 GMT-0800,255.566,255.21400000000003,0.0132,0.0132
13.11.2023 06:40:13.224 GMT-0800,255.576,255.21400000000003,0.0132,0.0132
13.11.2023 06:40:13.409 GMT-0800,255.536,255.21400000000003,0.0009,0.0132
13.11.2023 06:40:16.971 GMT-0800,255.536,255.21400000000003,0.009,0.0112
13.11.2023 06:40:17.022 GMT-0800,255.566,255.30400000000003,0.0132,0.0132
13.11.2023 06:40:17.401 GMT-0800,255.856,255.30400000000003,0.0132,0.0132
13.11.2023 06:40:17.799 GMT-0800,255.846,255.30400000000003,0.0009,0.0132
13.11.2023 06:40:17.850 GMT-0800,255.896,255.13400000000001,0.0132,0.0132
13.11.2023 06:40:18.173 GMT-0800,255.96599999999998,255.13400000000001,0.0132,0.0132
13.11.2023 06:40:18.281 GMT-0800,255.706,255.13400000000001,0.0009,0.0132
13.11.2023 06:40:18.382 GMT-0800,255.636,255.13400000000001,0.0132,0.0132
13.11.2023 06:40:18.510 GMT-0800,255.486,255.13400000000001,0.0009,0.009
13.11.2023 06:40:18.565 GMT-0800,255.486,255.08400000000003,0.0132,0.0132
13.11.2023 06:40:18.926 GMT-0800,255.626,255.08400000000003,0.0132,0.0132
13.11.2023 06:40:19.047 GMT-0800,255.55599999999998,255.08400000000003,0.0009,0.0132
13.11.2023 06:40:19.148 GMT-0800,255.706,255.08400000000003,0.0132,0.0132
13.11.2023 06:40:19.657 GMT-0800,255.55599999999998,255.08400000000003,0.0009,0.0132
13.11.2023 06:40:19.759 GMT-0800,255.706,255.08400000000003,0.0132,0.0132
13.11.2023 06:40:25.318 GMT-0800,256.316,255.08400000000003,0.013,0.0112
13.11.2023 06:40:25.368 GMT-0800,256.316,255.19400000000002,0.0132,0.0132
13.11.2023 06:40:25.792 GMT-0800,255.74599999999998,255.19400000000002,0.0009,0.0132
13.11.2023 06:40:26.174 GMT-0800,256.306,255.19400000000002,0.0009,0.0132
13.11.2023 06:40:26.225 GMT-0800,255.74599999999998,255.19400000000002,0.0132,0.0132
13.11.2023 06:40:27.556 GMT-0800,255.736,255.19400000000002,0.0009,0.0132
13.11.2023 06:40:28.115 GMT-0800,256.306,255.19400000000002,0.0132,0.0132
13.11.2023 06:40:29.380 GMT-0800,256.306,255.08400000000003,0.0132,0.0132
13.11.2023 06:40:30.302 GMT-0800,256.296,255.08400000000003,0.0009,0.0112
13.11.2023 06:40:30.529 GMT-0800,256.306,255.19400000000002,0.0132,0.0132
13.11.2023 06:40:30.689 GMT-0800,255.846,255.19400000000002,0.0009,0.009
13.11.2023 06:40:30.740 GMT-0800,255.846,255.08400000000003,0.0132,0.0132
13.11.2023 06:40:30.937 GMT-0800,256.316,255.08400000000003,0.0132,0.0132
13.11.2023 06:40:31.265 GMT-0800,255.956,255.08400000000003,0.0009,0.0112
13.11.2023 06:40:34.408 GMT-0800,255.946,255.19400000000002,0.0009,0.0132
13.11.2023 06:40:35.389 GMT-0800,255.93599999999998,255.09400000000002,0.0009,0.0132
13.11.2023 06:40:35.490 GMT-0800,255.946,255.09400000000002,0.0132,0.0132
13.11.2023 06:40:35.541 GMT-0800,255.946,255.09400000000002,0.0132,0.0112
13.11.2023 06:40:36.402 GMT-0800,255.946,255.09400000000002,0.0132,0.0132
13.11.2023 06:40:38.143 GMT-0800,255.93599999999998,255.09400000000002,0.0009,0.0132
13.11.2023 06:40:38.371 GMT-0800,255.946,255.09400000000002,0.0132,0.0132
13.11.2023 06:40:38.932 GMT-0800,255.946,255.09400000000002,0.0132,0.0112
13.11.2023 06:40:40.476 GMT-0800,255.93599999999998,255.294,0.0009,0.0132
13.11.2023 06:40:40.583 GMT-0800,255.946,255.294,0.0132,0.0132
13.11.2023 06:40:42.009 GMT-0800,255.93599999999998,255.294,0.0009,0.0132
13.11.2023 06:40:42.205 GMT-0800,255.946,255.294,0.0132,0.0132
13.11.2023 06:40:42.576 GMT-0800,255.426,255.09400000000002,0.0132,0.0132
13.11.2023 06:40:44.071 GMT-0800,255.426,255.03400000000002,0.0132,0.0132
13.11.2023 06:40:45.149 GMT-0800,255.786,255.03400000000002,0.0132,0.0132
13.11.2023 06:40:45.402 GMT-0800,255.626,255.03400000000002,0.0009,0.0132
13.11.2023 06:40:45.752 GMT-0800,255.376,255.03400000000002,0.0009,0.0132
13.11.2023 06:40:50.282 GMT-0800,255.346,255.03400000000002,0.0009,0.0132
13.11.2023 06:40:52.965 GMT-0800,255.86599999999999,255.03400000000002,0.013,0.0112
13.11.2023 06:40:53.016 GMT-0800,255.86599999999999,255.21400000000003,0.0132,0.0132
13.11.2023 06:40:53.258 GMT-0800,255.83599999999998,255.21400000000003,0.0009,0.0132
13.11.2023 06:40:53.993 GMT-0800,255.55599999999998,255.21400000000003,0.0009,0.0132
13.11.2023 06:40:54.569 GMT-0800,255.456,255.21400000000003,0.0009,0.009
13.11.2023 06:40:54.620 GMT-0800,255.456,255.03400000000002,0.0132,0.0132
13.11.2023 06:40:54.975 GMT-0800,255.55599999999998,255.03400000000002,0.0132,0.0132
13.11.2023 06:40:56.773 GMT-0800,255.456,255.03400000000002,0.0009,0.0132
13.11.2023 06:41:00.419 GMT-0800,255.916,255.03400000000002,0.0132,0.0132
13.11.2023 06:41:01.398 GMT-0800,255.65599999999998,255.03400000000002,0.0009,0.0132
13.11.2023 06:41:04.202 GMT-0800,255.65599999999998,255.03400000000002,0.0132,0.0112
13.11.2023 06:41:04.742 GMT-0800,255.646,255.204,0.0009,0.0132
13.11.2023 06:41:06.036 GMT-0800,255.49599999999998,255.204,0.0009,0.009
13.11.2023 06:41:06.090 GMT-0800,255.49599999999998,255.03400000000002,0.0132,0.0132
13.11.2023 06:41:06.446 GMT-0800,255.646,255.03400000000002,0.0132,0.0132
13.11.2023 06:41:09.557 GMT-0800,255.646,255.05400000000003,0.0132,0.0009
13.11.2023 06:41:12.302 GMT-0800,255.546,255.05400000000003,0.0009,0.009
13.11.2023 06:41:12.403 GMT-0800,255.546,254.77400000000003,0.0132,0.0132
13.11.2023 06:41:12.562 GMT-0800,255.18599999999998,254.77400000000003,0.0009,0.0132
13.11.2023 06:41:16.275 GMT-0800,255.71599999999998,254.77400000000003,0.0132,0.0132
13.11.2023 06:41:17.267 GMT-0800,255.606,254.77400000000003,0.0009,0.0132
13.11.2023 06:41:23.784 GMT-0800,255.666,254.77400000000003,0.0132,0.0132
13.11.2023 06:41:24.199 GMT-0800,255.946,254.77400000000003,0.013,0.0112
13.11.2023 06:41:24.250 GMT-0800,255.77599999999998,254.984,0.0132,0.0132
13.11.2023 06:41:24.896 GMT-0800,255.896,255.02400000000003,0.013,0.0009
13.11.2023 06:41:24.947 GMT-0800,255.896,255.02400000000003,0.0132,0.0132
13.11.2023 06:41:25.444 GMT-0800,255.946,255.02400000000003,0.0132,0.0132
13.11.2023 06:41:25.612 GMT-0800,255.856,255.02400000000003,0.0132,0.0132
13.11.2023 06:41:26.580 GMT-0800,255.856,255.02400000000003,0.0132,0.0112
13.11.2023 06:41:26.681 GMT-0800,255.856,255.09400000000002,0.0132,0.0112
13.11.2023 06:41:30.522 GMT-0800,255.856,255.24400000000003,0.0132,0.0132
13.11.2023 06:41:31.936 GMT-0800,255.856,255.24400000000003,0.0132,0.0112
13.11.2023 06:41:32.585 GMT-0800,255.856,255.24400000000003,0.0132,0.0132
13.11.2023 06:41:33.221 GMT-0800,255.856,255.24400000000003,0.0132,0.0112
13.11.2023 06:41:36.247 GMT-0800,255.846,255.38400000000001,0.0009,0.0132
13.11.2023 06:41:36.892 GMT-0800,256.746,255.38400000000001,0.013,0.0112
13.11.2023 06:41:36.942 GMT-0800,256.256,255.49400000000003,0.0132,0.0132
13.11.2023 06:41:37.076 GMT-0800,256.256,255.38400000000001,0.0132,0.0132
13.11.2023 06:41:37.150 GMT-0800,256.32599999999996,255.38400000000001,0.013,0.0112
13.11.2023 06:41:37.201 GMT-0800,256.32599999999996,255.53400000000002,0.0132,0.0132
13.11.2023 06:41:37.252 GMT-0800,256.32599999999996,255.59400000000002,0.0132,0.0132
13.11.2023 06:41:54.279 GMT-0800,256.156,255.59400000000002,0.0009,0.0132
13.11.2023 06:41:54.330 GMT-0800,256.32599999999996,255.59400000000002,0.0132,0.0132
13.11.2023 06:42:04.752 GMT-0800,256.316,255.59400000000002,0.0009,0.0132
13.11.2023 06:42:04.876 GMT-0800,256.32599999999996,255.59400000000002,0.0132,0.0132
13.11.2023 06:42:06.266 GMT-0800,256.316,255.59400000000002,0.0009,0.0132
13.11.2023 06:42:06.390 GMT-0800,256.32599999999996,255.59400000000002,0.0132,0.0132
13.11.2023 06:42:07.116 GMT-0800,256.316,255.59400000000002,0.0009,0.0132
13.11.2023 06:42:07.322 GMT-0800,256.32599999999996,255.59400000000002,0.0132,0.0132
13.11.2023 06:42:08.359 GMT-0800,256.316,255.59400000000002,0.0009,0.0132
13.11.2023 06:42:08.460 GMT-0800,256.32599999999996,255.59400000000002,0.0132,0.0132
13.11.2023 06:42:08.511 GMT-0800,256.346,255.764,0.0132,0.0132
13.11.2023 06:42:09.867 GMT-0800,256.346,255.764,0.0132,0.0112
13.11.2023 06:42:09.918 GMT-0800,256.216,255.764,0.0132,0.0132
13.11.2023 06:42:10.030 GMT-0800,256.206,255.764,0.0009,0.0132
13.11.2023 06:42:10.662 GMT-0800,256.336,255.59400000000002,0.0132,0.0132
13.11.2023 06:42:10.802 GMT-0800,256.346,255.59400000000002,0.0132,0.0132
13.11.2023 06:42:10.922 GMT-0800,256.206,255.59400000000002,0.0009,0.0132
13.11.2023 06:42:11.073 GMT-0800,256.346,255.59400000000002,0.0132,0.0132
13.11.2023 06:42:11.155 GMT-0800,256.346,255.59400000000002,0.0132,0.0112
13.11.2023 06:42:11.354 GMT-0800,256.336,255.764,0.0009,0.0132
13.11.2023 06:42:11.455 GMT-0800,256.346,255.764,0.0132,0.0132
13.11.2023 06:42:11.775 GMT-0800,256.126,255.764,0.0009,0.009
13.11.2023 06:42:11.826 GMT-0800,256.126,255.59400000000002,0.0132,0.0132
13.11.2023 06:42:12.213 GMT-0800,256.346,255.59400000000002,0.0132,0.0132
13.11.2023 06:42:13.060 GMT-0800,256.336,255.59400000000002,0.0009,0.0132
13.11.2023 06:42:13.212 GMT-0800,256.346,255.61400000000003,0.0132,0.0009
13.11.2023 06:42:14.623 GMT-0800,256.336,255.61400000000003,0.0009,0.0132
13.11.2023 06:42:14.674 GMT-0800,256.346,255.61400000000003,0.0132,0.0132
13.11.2023 06:42:17.086 GMT-0800,256.336,255.61400000000003,0.0009,0.0132
13.11.2023 06:42:17.250 GMT-0800,256.346,255.61400000000003,0.0132,0.0132
13.11.2023 06:42:18.433 GMT-0800,256.336,255.61400000000003,0.0009,0.0132
13.11.2023 06:42:18.534 GMT-0800,256.346,255.61400000000003,0.0132,0.0132
13.11.2023 06:42:19.054 GMT-0800,256.336,255.61400000000003,0.0009,0.0132
13.11.2023 06:42:19.155 GMT-0800,256.346,255.61400000000003,0.0132,0.0132
13.11.2023 06:42:19.919 GMT-0800,256.346,255.59400000000002,0.0132,0.0132
13.11.2023 06:42:20.392 GMT-0800,256.346,255.61400000000003,0.0132,0.0009
13.11.2023 06:42:20.499 GMT-0800,256.336,255.61400000000003,0.0009,0.0132
13.11.2023 06:42:20.600 GMT-0800,256.346,255.61400000000003,0.0132,0.0132
13.11.2023 06:42:23.012 GMT-0800,256.336,255.61400000000003,0.0009,0.0132
13.11.2023 06:42:23.171 GMT-0800,256.346,255.61400000000003,0.0132,0.0132
13.11.2023 06:42:23.760 GMT-0800,256.336,255.61400000000003,0.0009,0.0132
13.11.2023 06:42:23.811 GMT-0800,256.346,255.61400000000003,0.0132,0.0132
13.11.2023 06:42:25.186 GMT-0800,256.346,255.63400000000001,0.0132,0.0009
13.11.2023 06:42:25.907 GMT-0800,256.336,255.63400000000001,0.0009,0.0132
13.11.2023 06:42:26.008 GMT-0800,256.406,255.63400000000001,0.0132,0.0132
13.11.2023 06:42:26.520 GMT-0800,256.466,255.63400000000001,0.0132,0.0132
13.11.2023 06:42:29.450 GMT-0800,256.456,255.63400000000001,0.0009,0.0132
13.11.2023 06:42:29.551 GMT-0800,256.396,255.63400000000001,0.0009,0.0132
13.11.2023 06:42:30.184 GMT-0800,256.38599999999997,255.63400000000001,0.0009,0.0132
13.11.2023 06:42:30.239 GMT-0800,256.396,255.63400000000001,0.0132,0.0132
13.11.2023 06:42:30.789 GMT-0800,256.466,255.63400000000001,0.0132,0.0132
13.11.2023 06:42:30.864 GMT-0800,255.908,255.63400000000001,0.0009,0.009
13.11.2023 06:42:30.915 GMT-0800,255.90599999999998,255.62400000000002,0.0132,0.0132
13.11.2023 06:42:31.448 GMT-0800,256.356,255.62400000000002,0.0132,0.0132
13.11.2023 06:42:31.577 GMT-0800,256.466,255.65400000000002,0.013,0.0009
13.11.2023 06:42:31.628 GMT-0800,256.466,255.65400000000002,0.0132,0.0132
13.11.2023 06:42:32.799 GMT-0800,256.406,255.65400000000002,0.0009,0.0132
13.11.2023 06:42:32.850 GMT-0800,256.416,255.65400000000002,0.0132,0.0132
13.11.2023 06:42:33.594 GMT-0800,256.406,255.65400000000002,0.0009,0.0132
13.11.2023 06:42:33.695 GMT-0800,256.416,255.65400000000002,0.0132,0.0132
13.11.2023 06:42:34.264 GMT-0800,256.406,255.65400000000002,0.0009,0.0132
13.11.2023 06:42:34.366 GMT-0800,256.416,255.65400000000002,0.0132,0.0132
13.11.2023 06:42:35.074 GMT-0800,256.406,255.65400000000002,0.0009,0.0132
13.11.2023 06:42:35.175 GMT-0800,256.416,255.65400000000002,0.0132,0.0132
13.11.2023 06:42:35.419 GMT-0800,256.746,255.65400000000002,0.0132,0.0132
13.11.2023 06:42:35.589 GMT-0800,256.066,255.65400000000002,0.0009,0.0132
13.11.2023 06:42:36.825 GMT-0800,256.736,255.62400000000002,0.0132,0.0132
13.11.2023 06:42:36.876 GMT-0800,256.746,255.62400000000002,0.0132,0.0132
13.11.2023 06:42:37.015 GMT-0800,256.746,255.65400000000002,0.0132,0.0009
13.11.2023 06:42:37.347 GMT-0800,256.736,255.65400000000002,0.0009,0.0132
13.11.2023 06:42:37.448 GMT-0800,256.746,255.65400000000002,0.0132,0.0132
13.11.2023 06:42:37.735 GMT-0800,256.366,255.65400000000002,0.0009,0.0132
13.11.2023 06:42:37.786 GMT-0800,256.746,255.65400000000002,0.0132,0.0132
13.11.2023 06:42:39.110 GMT-0800,256.736,255.65400000000002,0.0009,0.0132
13.11.2023 06:42:39.325 GMT-0800,256.746,255.65400000000002,0.0132,0.0132
13.11.2023 06:42:40.247 GMT-0800,256.736,255.65400000000002,0.0009,0.0132
13.11.2023 06:42:40.448 GMT-0800,256.746,255.65400000000002,0.0132,0.0132
13.11.2023 06:42:42.080 GMT-0800,256.436,255.65400000000002,0.0009,0.0132
13.11.2023 06:42:42.598 GMT-0800,256.426,255.65400000000002,0.0009,0.0132
13.11.2023 06:42:42.648 GMT-0800,256.436,255.65400000000002,0.0132,0.0132
13.11.2023 06:42:43.866 GMT-0800,256.426,255.65400000000002,0.0009,0.0132
13.11.2023 06:42:43.967 GMT-0800,256.746,255.65400000000002,0.0132,0.0132
13.11.2023 06:42:45.429 GMT-0800,256.746,255.65400000000002,0.0132,0.0112
13.11.2023 06:42:45.707 GMT-0800,256.376,255.84400000000002,0.0009,0.0132
13.11.2023 06:42:45.813 GMT-0800,256.106,255.84400000000002,0.0009,0.0132
13.11.2023 06:42:45.962 GMT-0800,256.046,255.84400000000002,0.0009,0.009
13.11.2023 06:42:46.012 GMT-0800,256.046,255.65400000000002,0.0132,0.0132
13.11.2023 06:42:47.692 GMT-0800,256.106,255.65400000000002,0.0132,0.0132
13.11.2023 06:42:50.113 GMT-0800,256.106,255.66400000000002,0.0132,0.0009
13.11.2023 06:42:51.564 GMT-0800,256.07599999999996,255.66400000000002,0.0009,0.0132
13.11.2023 06:42:52.252 GMT-0800,256.07599999999996,255.68400000000003,0.0132,0.0009
13.11.2023 06:42:52.405 GMT-0800,256.07599999999996,255.66400000000002,0.0132,0.0132
13.11.2023 06:42:52.965 GMT-0800,256.07599999999996,255.68400000000003,0.0132,0.0009
13.11.2023 06:42:53.741 GMT-0800,256.07599999999996,255.69400000000002,0.0132,0.0009
13.11.2023 06:42:56.227 GMT-0800,255.99599999999998,255.69400000000002,0.0009,0.009
13.11.2023 06:42:56.277 GMT-0800,255.99599999999998,255.66400000000002,0.0132,0.0132
13.11.2023 06:42:56.629 GMT-0800,256.106,255.66400000000002,0.0132,0.0132
13.11.2023 06:42:56.807 GMT-0800,255.956,255.66400000000002,0.0009,0.009
13.11.2023 06:42:56.857 GMT-0800,255.956,255.61400000000003,0.0132,0.0132
13.11.2023 06:42:57.224 GMT-0800,256.106,255.61400000000003,0.0132,0.0132
13.11.2023 06:42:57.283 GMT-0800,255.926,255.61400000000003,0.0009,0.009
13.11.2023 06:42:57.384 GMT-0800,255.77599999999998,255.484,0.0132,0.0132
13.11.2023 06:42:59.026 GMT-0800,255.976,255.484,0.013,0.0112
13.11.2023 06:42:59.077 GMT-0800,256.106,255.484,0.0132,0.0132
13.11.2023 06:42:59.701 GMT-0800,256.106,255.544,0.0132,0.0009
13.11.2023 06:43:00.210 GMT-0800,256.106,255.484,0.0132,0.0132
13.11.2023 06:43:01.647 GMT-0800,256.646,255.484,0.0132,0.0132
13.11.2023 06:43:02.280 GMT-0800,256.63599999999997,255.484,0.0009,0.0132
13.11.2023 06:43:03.449 GMT-0800,256.626,255.484,0.0009,0.0132
13.11.2023 06:43:03.652 GMT-0800,256.63599999999997,255.484,0.0132,0.0132
13.11.2023 06:43:05.096 GMT-0800,256.626,255.484,0.0009,0.0132
13.11.2023 06:43:05.290 GMT-0800,256.63599999999997,255.484,0.0132,0.0132
13.11.2023 06:43:05.935 GMT-0800,256.626,255.484,0.0009,0.0132
13.11.2023 06:43:06.036 GMT-0800,256.63599999999997,255.484,0.0132,0.0132
13.11.2023 06:43:07.216 GMT-0800,256.626,255.484,0.0009,0.0132
13.11.2023 06:43:07.317 GMT-0800,256.63599999999997,255.484,0.0132,0.0132
13.11.2023 06:43:08.218 GMT-0800,256.626,255.484,0.0009,0.0132
13.11.2023 06:43:08.269 GMT-0800,256.63599999999997,255.484,0.0132,0.0132
13.11.2023 06:43:08.937 GMT-0800,256.146,255.484,0.0009,0.0132
13.11.2023 06:43:09.091 GMT-0800,256.63599999999997,255.484,0.0132,0.0132
13.11.2023 06:43:09.290 GMT-0800,256.206,255.484,0.0009,0.0132
13.11.2023 06:43:09.472 GMT-0800,256.63599999999997,255.484,0.0132,0.0132
13.11.2023 06:43:09.523 GMT-0800,256.146,255.484,0.0132,0.0132
13.11.2023 06:43:12.628 GMT-0800,255.93599999999998,255.484,0.0009,0.0132
13.11.2023 06:43:15.449 GMT-0800,256.63599999999997,255.484,0.0132,0.0132
13.11.2023 06:43:15.500 GMT-0800,256.63599999999997,255.69400000000002,0.0132,0.0132
13.11.2023 06:43:16.437 GMT-0800,256.166,255.69400000000002,0.0009,0.009
13.11.2023 06:43:16.488 GMT-0800,256.166,255.55400000000003,0.0132,0.0132
13.11.2023 06:43:18.055 GMT-0800,256.156,255.55400000000003,0.0009,0.0132
13.11.2023 06:43:18.215 GMT-0800,256.166,255.55400000000003,0.0132,0.0132
13.11.2023 06:43:19.051 GMT-0800,256.056,255.55400000000003,0.0009,0.0132
13.11.2023 06:43:19.102 GMT-0800,256.156,255.55400000000003,0.0132,0.0132
13.11.2023 06:43:19.203 GMT-0800,256.166,255.55400000000003,0.0132,0.0132
13.11.2023 06:43:20.927 GMT-0800,256.156,255.55400000000003,0.0009,0.0132
13.11.2023 06:43:21.088 GMT-0800,256.166,255.55400000000003,0.0132,0.0132
13.11.2023 06:43:22.432 GMT-0800,256.166,255.55400000000003,0.0132,0.0112
13.11.2023 06:43:24.089 GMT-0800,256.026,255.74400000000003,0.0009,0.009
13.11.2023 06:43:24.152 GMT-0800,256.026,255.484,0.0132,0.0132
13.11.2023 06:43:24.501 GMT-0800,256.036,255.484,0.0132,0.0132
13.11.2023 06:43:24.982 GMT-0800,256.036,255.484,0.0132,0.0112
13.11.2023 06:43:29.068 GMT-0800,255.71599999999998,255.56400000000002,0.0009,0.009
13.11.2023 06:43:29.119 GMT-0800,255.856,255.03400000000002,0.0132,0.0132
13.11.2023 06:43:29.220 GMT-0800,255.86599999999999,255.03400000000002,0.0132,0.0132
13.11.2023 06:43:29.371 GMT-0800,255.86599999999999,255.014,0.0132,0.0132
13.11.2023 06:43:29.422 GMT-0800,255.86599999999999,255.014,0.0132,0.0112
13.11.2023 06:43:29.651 GMT-0800,255.886,255.24400000000003,0.0132,0.0132
13.11.2023 06:43:31.196 GMT-0800,255.636,255.24400000000003,0.0009,0.009
13.11.2023 06:43:31.247 GMT-0800,255.86599999999999,254.88400000000001,0.0132,0.0132
13.11.2023 06:43:31.776 GMT-0800,255.74599999999998,254.88400000000001,0.0009,0.0132
13.11.2023 06:43:32.136 GMT-0800,255.626,254.88400000000001,0.0009,0.0132
13.11.2023 06:43:35.939 GMT-0800,255.40599999999998,254.88400000000001,0.0009,0.0132
13.11.2023 06:43:38.059 GMT-0800,255.796,255.15400000000002,0.0132,0.0132
13.11.2023 06:43:38.110 GMT-0800,255.876,255.15400000000002,0.0132,0.0132
13.11.2023 06:43:38.248 GMT-0800,255.86599999999999,255.15400000000002,0.0009,0.0132
13.11.2023 06:43:38.299 GMT-0800,256.356,255.15400000000002,0.0132,0.0132
13.11.2023 06:43:41.158 GMT-0800,256.346,255.15400000000002,0.0009,0.0132
13.11.2023 06:43:41.260 GMT-0800,256.356,255.15400000000002,0.0132,0.0132
13.11.2023 06:43:42.834 GMT-0800,255.856,255.15400000000002,0.0009,0.0132
13.11.2023 06:43:43.228 GMT-0800,256.356,255.15400000000002,0.0132,0.0132
13.11.2023 06:43:43.364 GMT-0800,255.86599999999999,255.15400000000002,0.0009,0.0112
13.11.2023 06:43:43.466 GMT-0800,256.356,255.24400000000003,0.0132,0.0132
13.11.2023 06:43:44.291 GMT-0800,256.346,255.24400000000003,0.0009,0.0132
13.11.2023 06:43:44.451 GMT-0800,256.356,255.24400000000003,0.0132,0.0132
13.11.2023 06:43:46.264 GMT-0800,256.346,255.24400000000003,0.0009,0.0132
13.11.2023 06:43:46.365 GMT-0800,256.356,255.24400000000003,0.0132,0.0132
13.11.2023 06:43:46.416 GMT-0800,255.856,255.24400000000003,0.0009,0.0132
13.11.2023 06:43:46.634 GMT-0800,255.77599999999998,255.24400000000003,0.0009,0.0132
13.11.2023 06:43:46.761 GMT-0800,255.58599999999998,255.24400000000003,0.0132,0.0132
13.11.2023 06:43:49.441 GMT-0800,255.77599999999998,254.96400000000003,0.0132,0.0132
13.11.2023 06:43:49.903 GMT-0800,255.77599999999998,254.96400000000003,0.0132,0.0112
13.11.2023 06:43:51.623 GMT-0800,255.77599999999998,255.16400000000002,0.0132,0.0112
13.11.2023 06:43:52.126 GMT-0800,255.77599999999998,255.324,0.0132,0.0132
13.11.2023 06:43:57.024 GMT-0800,255.77599999999998,255.324,0.0132,0.0112
13.11.2023 06:43:57.125 GMT-0800,256.356,255.39400000000003,0.0132,0.0132
13.11.2023 06:43:57.380 GMT-0800,256.346,255.39400000000003,0.0009,0.0132
13.11.2023 06:43:57.611 GMT-0800,256.356,255.39400000000003,0.0132,0.0132
13.11.2023 06:43:57.662 GMT-0800,256.356,255.44400000000002,0.0132,0.0132
13.11.2023 06:43:57.917 GMT-0800,256.07599999999996,255.44400000000002,0.0132,0.0132
13.11.2023 06:44:00.073 GMT-0800,256.01599999999996,255.44400000000002,0.0009,0.0112
13.11.2023 06:44:08.676 GMT-0800,255.886,255.61400000000003,0.0009,0.009
13.11.2023 06:44:08.727 GMT-0800,255.886,255.604,0.0132,0.0132
13.11.2023 06:44:09.083 GMT-0800,256.01599999999996,255.604,0.0132,0.0132
13.11.2023 06:44:09.469 GMT-0800,256.01599999999996,255.61400000000003,0.0132,0.0009
13.11.2023 06:44:12.785 GMT-0800,255.976,255.61400000000003,0.0009,0.0132
13.11.2023 06:44:15.066 GMT-0800,255.976,255.66400000000002,0.0132,0.0009
13.11.2023 06:44:27.124 GMT-0800,256.396,255.66400000000002,0.013,0.0112
13.11.2023 06:44:27.175 GMT-0800,256.396,255.77400000000003,0.009,0.0132
13.11.2023 06:44:27.226 GMT-0800,256.63599999999997,255.77400000000003,0.0132,0.0132
13.11.2023 06:44:27.381 GMT-0800,256.396,255.77400000000003,0.0009,0.0132
13.11.2023 06:44:27.483 GMT-0800,256.506,255.78400000000002,0.0132,0.0132
13.11.2023 06:44:27.898 GMT-0800,256.496,255.78400000000002,0.0009,0.009
13.11.2023 06:44:27.949 GMT-0800,256.496,255.75400000000002,0.0132,0.0132
13.11.2023 06:44:28.000 GMT-0800,256.506,255.75400000000002,0.0132,0.0132
13.11.2023 06:44:28.071 GMT-0800,256.506,255.80400000000003,0.0132,0.0009
13.11.2023 06:44:28.818 GMT-0800,256.496,255.80400000000003,0.0009,0.0132
13.11.2023 06:44:28.920 GMT-0800,256.506,255.80400000000003,0.0132,0.0132
13.11.2023 06:44:29.994 GMT-0800,256.506,255.81400000000002,0.0132,0.0009
13.11.2023 06:44:30.316 GMT-0800,256.496,255.81400000000002,0.0009,0.0132
13.11.2023 06:44:30.429 GMT-0800,256.496,255.824,0.009,0.0009
13.11.2023 06:44:30.480 GMT-0800,256.506,255.824,0.0132,0.0132
13.11.2023 06:44:31.363 GMT-0800,256.566,255.824,0.0132,0.0132
13.11.2023 06:44:32.028 GMT-0800,256.556,255.824,0.0009,0.0132
13.11.2023 06:44:32.129 GMT-0800,256.566,255.824,0.0132,0.0132
13.11.2023 06:44:32.688 GMT-0800,256.556,255.824,0.0009,0.0132
13.11.2023 06:44:32.739 GMT-0800,256.566,255.824,0.0132,0.0132
13.11.2023 06:44:33.364 GMT-0800,256.476,255.824,0.0009,0.0132
13.11.2023 06:44:34.042 GMT-0800,256.466,255.824,0.0009,0.0132
13.11.2023 06:44:34.212 GMT-0800,256.566,255.824,0.0132,0.0132
13.11.2023 06:44:34.694 GMT-0800,256.556,255.824,0.0009,0.0132
13.11.2023 06:44:34.850 GMT-0800,256.566,255.824,0.0132,0.0132
13.11.2023 06:44:35.325 GMT-0800,256.566,255.83400000000003,0.0132,0.0009
13.11.2023 06:44:35.554 GMT-0800,256.566,255.824,0.0132,0.0132
13.11.2023 06:44:35.605 GMT-0800,256.566,255.83400000000003,0.0132,0.0009
13.11.2023 06:44:36.502 GMT-0800,256.476,255.83400000000003,0.0009,0.009
13.11.2023 06:44:36.553 GMT-0800,256.476,255.824,0.0132,0.0132
13.11.2023 06:44:36.851 GMT-0800,256.476,255.83400000000003,0.0132,0.0009
13.11.2023 06:44:37.564 GMT-0800,256.566,255.83400000000003,0.0132,0.0132
13.11.2023 06:44:37.920 GMT-0800,256.566,255.824,0.0132,0.0132
13.11.2023 06:44:37.971 GMT-0800,256.566,255.83400000000003,0.0132,0.0132
13.11.2023 06:44:38.388 GMT-0800,256.556,255.83400000000003,0.0009,0.0132
13.11.2023 06:44:38.540 GMT-0800,256.566,255.83400000000003,0.0132,0.0132
13.11.2023 06:44:38.591 GMT-0800,256.566,255.824,0.0132,0.0132
13.11.2023 06:44:38.856 GMT-0800,256.566,255.83400000000003,0.0132,0.0009
13.11.2023 06:44:39.646 GMT-0800,256.556,255.83400000000003,0.0009,0.0132
13.11.2023 06:44:39.800 GMT-0800,256.566,255.83400000000003,0.0132,0.0132
13.11.2023 06:44:40.301 GMT-0800,256.566,255.824,0.0132,0.0132
13.11.2023 06:44:40.468 GMT-0800,256.63599999999997,255.824,0.0132,0.0132
13.11.2023 06:44:40.760 GMT-0800,256.63599999999997,255.84400000000002,0.0132,0.0009
13.11.2023 06:44:41.014 GMT-0800,256.626,255.84400000000002,0.0009,0.0132
13.11.2023 06:44:41.115 GMT-0800,256.63599999999997,255.84400000000002,0.0132,0.0132
13.11.2023 06:44:41.304 GMT-0800,256.63599999999997,255.824,0.0132,0.0132
13.11.2023 06:44:41.567 GMT-0800,256.63599999999997,255.86400000000003,0.0132,0.0009
13.11.2023 06:44:41.668 GMT-0800,256.426,255.86400000000003,0.0132,0.009
13.11.2023 06:44:41.719 GMT-0800,256.426,255.824,0.0132,0.0132
13.11.2023 06:44:42.116 GMT-0800,256.416,255.824,0.0009,0.0132
13.11.2023 06:44:42.268 GMT-0800,256.366,255.824,0.0132,0.0132
13.11.2023 06:44:42.456 GMT-0800,256.366,255.81400000000002,0.0132,0.0132
13.11.2023 06:44:42.507 GMT-0800,256.366,255.86400000000003,0.0132,0.0132
13.11.2023 06:44:42.558 GMT-0800,256.426,255.86400000000003,0.0132,0.0132
13.11.2023 06:44:42.806 GMT-0800,256.426,255.81400000000002,0.0132,0.0132
13.11.2023 06:44:42.907 GMT-0800,256.416,255.86400000000003,0.0009,0.0009
13.11.2023 06:44:43.008 GMT-0800,256.426,255.86400000000003,0.0132,0.0132
13.11.2023 06:44:43.780 GMT-0800,256.416,255.86400000000003,0.0009,0.0132
13.11.2023 06:44:43.962 GMT-0800,256.426,255.86400000000003,0.0132,0.0132
13.11.2023 06:44:45.112 GMT-0800,256.416,255.86400000000003,0.0009,0.0132
13.11.2023 06:44:45.213 GMT-0800,256.426,255.86400000000003,0.0132,0.0132
13.11.2023 06:44:46.528 GMT-0800,256.276,255.674,0.0132,0.0132
13.11.2023 06:44:48.167 GMT-0800,256.26599999999996,255.674,0.0009,0.0132
13.11.2023 06:44:48.269 GMT-0800,256.276,255.674,0.0132,0.0132
13.11.2023 06:44:49.232 GMT-0800,256.356,255.674,0.0132,0.0132
13.11.2023 06:44:49.432 GMT-0800,256.366,255.674,0.0132,0.0132
13.11.2023 06:44:49.613 GMT-0800,256.156,255.674,0.0009,0.0132
13.11.2023 06:44:52.479 GMT-0800,256.156,255.69400000000002,0.0132,0.0009
13.11.2023 06:44:52.695 GMT-0800,256.146,255.69400000000002,0.0009,0.0132
13.11.2023 06:44:56.495 GMT-0800,256.63599999999997,255.69400000000002,0.013,0.0112
13.11.2023 06:44:56.546 GMT-0800,256.626,255.88400000000001,0.0132,0.0132
13.11.2023 06:44:56.597 GMT-0800,256.63599999999997,255.88400000000001,0.0132,0.0132
13.11.2023 06:44:56.746 GMT-0800,256.496,255.88400000000001,0.0009,0.0132
13.11.2023 06:44:56.899 GMT-0800,256.436,255.88400000000001,0.0009,0.0132
13.11.2023 06:44:57.991 GMT-0800,256.486,255.88400000000001,0.0132,0.0132
13.11.2023 06:44:58.042 GMT-0800,256.496,255.88400000000001,0.0132,0.0132
13.11.2023 06:44:58.093 GMT-0800,256.496,255.89400000000003,0.0132,0.0132
13.11.2023 06:44:58.494 GMT-0800,256.426,255.89400000000003,0.0009,0.009
13.11.2023 06:44:58.596 GMT-0800,256.226,255.674,0.0132,0.0132
13.11.2023 06:44:58.956 GMT-0800,256.32599999999996,255.674,0.0132,0.0132
13.11.2023 06:44:59.424 GMT-0800,256.32599999999996,255.66400000000002,0.0132,0.0132
13.11.2023 06:44:59.629 GMT-0800,256.32599999999996,255.68400000000003,0.0132,0.0009
13.11.2023 06:45:00.568 GMT-0800,256.316,255.68400000000003,0.0009,0.0132
13.11.2023 06:45:00.683 GMT-0800,256.32599999999996,255.68400000000003,0.0132,0.0132
13.11.2023 06:45:01.441 GMT-0800,256.63599999999997,255.68400000000003,0.0132,0.0132
13.11.2023 06:45:01.625 GMT-0800,256.126,255.68400000000003,0.0009,0.0132
13.11.2023 06:45:10.361 GMT-0800,256.126,255.68400000000003,0.0132,0.0112
13.11.2023 06:45:10.412 GMT-0800,256.396,255.86400000000003,0.0132,0.0132
13.11.2023 06:45:10.523 GMT-0800,256.246,255.86400000000003,0.0009,0.0132
13.11.2023 06:45:17.836 GMT-0800,256.246,255.91400000000002,0.0132,0.0009
13.11.2023 06:45:18.079 GMT-0800,256.146,255.91400000000002,0.0009,0.009
13.11.2023 06:45:18.130 GMT-0800,256.146,255.68400000000003,0.0132,0.0132
13.11.2023 06:45:18.392 GMT-0800,256.246,255.68400000000003,0.013,0.0112
13.11.2023 06:45:18.443 GMT-0800,256.246,255.794,0.0132,0.0132
13.11.2023 06:45:25.992 GMT-0800,256.456,255.794,0.0132,0.0132
13.11.2023 06:45:26.156 GMT-0800,256.63599999999997,255.794,0.0132,0.0132
13.11.2023 06:45:26.226 GMT-0800,256.626,255.794,0.0009,0.0132
13.11.2023 06:45:26.327 GMT-0800,256.63599999999997,255.794,0.0132,0.0132
13.11.2023 06:45:26.959 GMT-0800,256.456,255.794,0.0009,0.0132
13.11.2023 06:45:27.431 GMT-0800,256.63599999999997,255.794,0.0132,0.0132
13.11.2023 06:45:28.948 GMT-0800,256.626,255.794,0.0009,0.0132
13.11.2023 06:45:29.049 GMT-0800,256.63599999999997,255.794,0.0132,0.0132
13.11.2023 06:45:30.270 GMT-0800,256.626,255.794,0.0009,0.0132
13.11.2023 06:45:30.321 GMT-0800,256.63599999999997,255.794,0.0132,0.0132
13.11.2023 06:45:31.362 GMT-0800,256.63599999999997,255.794,0.0132,0.0112
13.11.2023 06:45:31.463 GMT-0800,256.406,255.794,0.0132,0.0132
13.11.2023 06:45:35.576 GMT-0800,256.396,255.794,0.0009,0.0132
13.11.2023 06:45:35.804 GMT-0800,256.406,255.794,0.0132,0.0132
13.11.2023 06:45:37.186 GMT-0800,256.396,255.794,0.0009,0.0132
13.11.2023 06:45:37.420 GMT-0800,256.406,255.794,0.0132,0.0132
13.11.2023 06:45:39.507 GMT-0800,256.396,255.794,0.0009,0.0132
13.11.2023 06:45:39.609 GMT-0800,256.406,255.794,0.0132,0.0132
13.11.2023 06:45:40.036 GMT-0800,256.26599999999996,255.794,0.0009,0.0132
13.11.2023 06:45:40.255 GMT-0800,256.63599999999997,255.794,0.0132,0.0132
13.11.2023 06:45:40.442 GMT-0800,256.63599999999997,255.68400000000003,0.0132,0.0132
13.11.2023 06:45:40.888 GMT-0800,256.63599999999997,255.68400000000003,0.0132,0.0112
13.11.2023 06:45:41.385 GMT-0800,256.626,255.80400000000003,0.0009,0.0132
13.11.2023 06:45:41.437 GMT-0800,256.63599999999997,255.80400000000003,0.0132,0.0132
13.11.2023 06:45:42.090 GMT-0800,256.626,255.80400000000003,0.0009,0.0132
13.11.2023 06:45:42.241 GMT-0800,256.63599999999997,255.80400000000003,0.0132,0.0132
13.11.2023 06:45:43.094 GMT-0800,256.626,255.80400000000003,0.0009,0.0132
13.11.2023 06:45:43.340 GMT-0800,256.63599999999997,255.80400000000003,0.0132,0.0132
13.11.2023 06:45:44.008 GMT-0800,256.626,255.80400000000003,0.0009,0.0132
13.11.2023 06:45:44.109 GMT-0800,256.63599999999997,255.80400000000003,0.0132,0.0132
13.11.2023 06:45:44.184 GMT-0800,256.286,255.80400000000003,0.0009,0.009
13.11.2023 06:45:44.451 GMT-0800,256.356,255.63400000000001,0.013,0.0009
13.11.2023 06:45:44.502 GMT-0800,256.356,255.63400000000001,0.0132,0.0132
13.11.2023 06:45:44.552 GMT-0800,256.146,255.63400000000001,0.0132,0.0132
13.11.2023 06:45:44.805 GMT-0800,256.13599999999997,255.63400000000001,0.0009,0.0132
13.11.2023 06:45:44.928 GMT-0800,256.146,255.63400000000001,0.0132,0.0132
13.11.2023 06:45:46.151 GMT-0800,256.166,255.63400000000001,0.0132,0.0132
13.11.2023 06:45:46.342 GMT-0800,256.156,255.63400000000001,0.0009,0.0132
13.11.2023 06:45:46.443 GMT-0800,256.166,255.63400000000001,0.0132,0.0132
13.11.2023 06:45:47.114 GMT-0800,255.956,255.63400000000001,0.0009,0.009
13.11.2023 06:45:47.164 GMT-0800,255.956,255.574,0.0132,0.0132
13.11.2023 06:45:47.507 GMT-0800,256.13599999999997,255.574,0.0132,0.0132
13.11.2023 06:45:48.376 GMT-0800,256.126,255.574,0.0009,0.0132
13.11.2023 06:45:48.427 GMT-0800,256.13599999999997,255.574,0.0132,0.0132
13.11.2023 06:45:48.833 GMT-0800,256.166,255.574,0.0132,0.0132
13.11.2023 06:45:49.721 GMT-0800,255.956,255.574,0.0009,0.009
13.11.2023 06:45:49.771 GMT-0800,255.956,255.24400000000003,0.0132,0.0132
13.11.2023 06:45:49.822 GMT-0800,255.956,255.22400000000002,0.0132,0.0132
13.11.2023 06:45:49.873 GMT-0800,255.896,255.22400000000002,0.0132,0.0132
13.11.2023 06:45:49.974 GMT-0800,255.956,255.22400000000002,0.0132,0.0132
13.11.2023 06:45:50.235 GMT-0800,255.926,255.22400000000002,0.0132,0.0132
13.11.2023 06:45:50.582 GMT-0800,255.926,255.28400000000002,0.0132,0.0009
13.11.2023 06:45:51.071 GMT-0800,255.856,255.28400000000002,0.0009,0.0132
13.11.2023 06:45:52.875 GMT-0800,255.83599999999998,255.28400000000002,0.0009,0.0132
13.11.2023 06:45:54.601 GMT-0800,255.83599999999998,254.88400000000001,0.0132,0.0132
13.11.2023 06:45:54.709 GMT-0800,255.83599999999998,254.90400000000002,0.0132,0.0009
13.11.2023 06:45:54.810 GMT-0800,255.83599999999998,254.88400000000001,0.0132,0.0132
13.11.2023 06:45:54.974 GMT-0800,255.83599999999998,254.91400000000002,0.0132,0.0009
13.11.2023 06:45:55.295 GMT-0800,255.83599999999998,254.924,0.0132,0.0009
13.11.2023 06:45:55.447 GMT-0800,255.83599999999998,254.91400000000002,0.0132,0.0132
13.11.2023 06:45:56.745 GMT-0800,255.816,254.91400000000002,0.0009,0.0132
13.11.2023 06:45:57.695 GMT-0800,255.61599999999999,254.91400000000002,0.0009,0.0132
13.11.2023 06:46:01.410 GMT-0800,255.61599999999999,254.954,0.0132,0.0009
13.11.2023 06:46:03.730 GMT-0800,255.61599999999999,254.954,0.0132,0.0112
13.11.2023 06:46:03.831 GMT-0800,255.576,255.11400000000003,0.0009,0.0132
13.11.2023 06:46:08.985 GMT-0800,255.55599999999998,255.11400000000003,0.0009,0.0132
13.11.2023 06:46:09.087 GMT-0800,255.52599999999998,255.11400000000003,0.0132,0.0132
13.11.2023 06:46:09.211 GMT-0800,255.516,255.11400000000003,0.0132,0.0132
13.11.2023 06:46:11.734 GMT-0800,255.516,255.11400000000003,0.009,0.0112
13.11.2023 06:46:11.785 GMT-0800,255.536,255.11400000000003,0.0132,0.0132
13.11.2023 06:46:11.869 GMT-0800,255.52599999999998,255.11400000000003,0.0009,0.0132
13.11.2023 06:46:12.403 GMT-0800,255.516,255.11400000000003,0.0009,0.0132
13.11.2023 06:46:12.696 GMT-0800,255.506,255.11400000000003,0.0009,0.0132
13.11.2023 06:46:12.797 GMT-0800,255.55599999999998,255.24400000000003,0.0132,0.0132
13.11.2023 06:46:13.142 GMT-0800,255.55599999999998,255.11400000000003,0.0132,0.0132
13.11.2023 06:46:14.798 GMT-0800,255.80599999999998,255.11400000000003,0.0132,0.0132
13.11.2023 06:46:14.915 GMT-0800,256.226,255.11400000000003,0.0132,0.0132
13.11.2023 06:46:15.231 GMT-0800,255.816,255.11400000000003,0.0009,0.0132
13.11.2023 06:46:15.281 GMT-0800,256.226,255.11400000000003,0.0132,0.0132
13.11.2023 06:46:16.117 GMT-0800,255.566,255.11400000000003,0.0009,0.0132
13.11.2023 06:46:18.740 GMT-0800,255.876,255.13400000000001,0.013,0.0009
13.11.2023 06:46:18.790 GMT-0800,255.876,255.13400000000001,0.0132,0.0132
13.11.2023 06:46:18.901 GMT-0800,256.226,255.13400000000001,0.0132,0.0132
13.11.2023 06:46:19.156 GMT-0800,255.876,255.13400000000001,0.0009,0.0132
13.11.2023 06:46:19.384 GMT-0800,255.86599999999999,255.13400000000001,0.0009,0.0132
13.11.2023 06:46:19.485 GMT-0800,255.876,255.13400000000001,0.0132,0.0132
13.11.2023 06:46:20.106 GMT-0800,256.226,255.13400000000001,0.0132,0.0132
13.11.2023 06:46:20.157 GMT-0800,255.606,255.13400000000001,0.0132,0.0132
13.11.2023 06:46:21.520 GMT-0800,255.506,255.13400000000001,0.0009,0.0132
13.11.2023 06:46:21.571 GMT-0800,255.606,255.13400000000001,0.0132,0.0132
13.11.2023 06:46:33.780 GMT-0800,255.606,255.174,0.0132,0.0009
13.11.2023 06:46:34.634 GMT-0800,255.55599999999998,255.174,0.0009,0.0132
13.11.2023 06:46:36.542 GMT-0800,255.426,255.174,0.0009,0.009
13.11.2023 06:46:36.592 GMT-0800,255.426,254.954,0.0132,0.0132
13.11.2023 06:46:36.643 GMT-0800,255.40599999999998,254.954,0.0132,0.0132
13.11.2023 06:46:36.774 GMT-0800,255.55599999999998,254.954,0.0132,0.0132
13.11.2023 06:46:37.858 GMT-0800,255.30599999999998,254.954,0.0132,0.0132
13.11.2023 06:46:38.615 GMT-0800,255.566,254.954,0.013,0.0112
13.11.2023 06:46:38.666 GMT-0800,255.566,255.06400000000002,0.0132,0.0132
13.11.2023 06:46:39.024 GMT-0800,255.566,254.954,0.0132,0.0132
13.11.2023 06:46:39.378 GMT-0800,255.566,254.954,0.009,0.0112
13.11.2023 06:46:39.428 GMT-0800,255.61599999999999,255.06400000000002,0.0132,0.0132
13.11.2023 06:46:40.012 GMT-0800,255.516,255.06400000000002,0.0009,0.0132
13.11.2023 06:46:42.907 GMT-0800,255.516,255.06400000000002,0.0132,0.0112
13.11.2023 06:46:42.958 GMT-0800,255.416,255.06400000000002,0.0132,0.0132
13.11.2023 06:46:43.350 GMT-0800,255.516,255.06400000000002,0.0132,0.0132
13.11.2023 06:46:46.042 GMT-0800,255.46599999999998,255.06400000000002,0.0009,0.0132
13.11.2023 06:46:48.131 GMT-0800,255.46599999999998,255.06400000000002,0.009,0.0112
13.11.2023 06:46:48.182 GMT-0800,255.516,255.19400000000002,0.0132,0.0132
13.11.2023 06:46:48.516 GMT-0800,255.516,255.06400000000002,0.0132,0.0132
13.11.2023 06:46:52.515 GMT-0800,255.516,255.06400000000002,0.0132,0.0112
13.11.2023 06:47:00.534 GMT-0800,255.486,255.13400000000001,0.0009,0.0132
13.11.2023 06:47:02.942 GMT-0800,255.376,255.13400000000001,0.0009,0.0132
13.11.2023 06:47:03.043 GMT-0800,255.326,255.06400000000002,0.0132,0.0132
13.11.2023 06:47:04.120 GMT-0800,255.316,255.06400000000002,0.0009,0.0132
13.11.2023 06:47:10.699 GMT-0800,255.536,255.12400000000002,0.013,0.0009
13.11.2023 06:47:10.750 GMT-0800,255.93599999999998,255.12400000000002,0.013,0.009
13.11.2023 06:47:10.801 GMT-0800,255.946,255.06400000000002,0.0132,0.0132
13.11.2023 06:47:11.172 GMT-0800,255.946,255.08400000000003,0.0132,0.0009
13.11.2023 06:47:11.846 GMT-0800,255.93599999999998,255.08400000000003,0.0009,0.0132
13.11.2023 06:47:11.948 GMT-0800,255.946,255.08400000000003,0.0132,0.0132
13.11.2023 06:47:12.543 GMT-0800,255.93599999999998,255.08400000000003,0.0009,0.0132
13.11.2023 06:47:12.773 GMT-0800,255.946,255.08400000000003,0.0132,0.0132
13.11.2023 06:47:13.233 GMT-0800,255.93599999999998,255.08400000000003,0.0009,0.0132
13.11.2023 06:47:13.403 GMT-0800,255.946,255.08400000000003,0.0132,0.0132
13.11.2023 06:47:16.091 GMT-0800,255.93599999999998,255.08400000000003,0.0009,0.0132
13.11.2023 06:47:16.476 GMT-0800,255.946,255.08400000000003,0.0132,0.0132
13.11.2023 06:47:17.059 GMT-0800,255.93599999999998,255.08400000000003,0.0009,0.0132
13.11.2023 06:47:17.244 GMT-0800,255.946,255.08400000000003,0.0132,0.0132
13.11.2023 06:47:17.858 GMT-0800,256.216,255.08400000000003,0.0132,0.0132
13.11.2023 06:47:17.909 GMT-0800,256.226,255.08400000000003,0.0132,0.0132
13.11.2023 06:47:20.286 GMT-0800,256.216,255.08400000000003,0.0009,0.0132
13.11.2023 06:47:20.445 GMT-0800,256.226,255.08400000000003,0.0132,0.0132
13.11.2023 06:47:20.957 GMT-0800,256.216,255.08400000000003,0.0009,0.0132
13.11.2023 06:47:21.058 GMT-0800,256.226,255.08400000000003,0.0132,0.0132
13.11.2023 06:47:21.859 GMT-0800,256.216,255.08400000000003,0.0009,0.0132
13.11.2023 06:47:22.047 GMT-0800,256.226,255.08400000000003,0.0132,0.0132
13.11.2023 06:47:22.098 GMT-0800,256.036,255.08400000000003,0.0132,0.0132
13.11.2023 06:47:23.034 GMT-0800,255.71599999999998,255.08400000000003,0.0009,0.0132
13.11.2023 06:47:23.201 GMT-0800,255.576,255.08400000000003,0.0132,0.0132
13.11.2023 06:47:23.441 GMT-0800,256.036,255.08400000000003,0.0132,0.0132
13.11.2023 06:47:24.758 GMT-0800,255.476,255.08400000000003,0.0009,0.0132
13.11.2023 06:47:27.804 GMT-0800,255.346,255.08400000000003,0.0009,0.009
13.11.2023 06:47:27.855 GMT-0800,255.346,255.06400000000002,0.0132,0.0132
13.11.2023 06:47:29.130 GMT-0800,255.476,255.06400000000002,0.013,0.0112
13.11.2023 06:47:29.180 GMT-0800,255.476,255.13400000000001,0.0132,0.0132
13.11.2023 06:47:29.523 GMT-0800,255.476,255.074,0.0132,0.0132
13.11.2023 06:47:34.243 GMT-0800,255.346,255.074,0.0009,0.009
13.11.2023 06:47:34.294 GMT-0800,255.476,255.06400000000002,0.0132,0.0132
13.11.2023 06:47:34.624 GMT-0800,255.476,255.05400000000003,0.0132,0.0132
13.11.2023 06:47:35.252 GMT-0800,255.486,255.05400000000003,0.0132,0.0132
13.11.2023 06:47:36.469 GMT-0800,255.40599999999998,255.05400000000003,0.0009,0.0132
13.11.2023 06:47:39.639 GMT-0800,255.18599999999998,255.05400000000003,0.0009,0.009
13.11.2023 06:47:39.690 GMT-0800,255.396,254.954,0.0132,0.0132
13.11.2023 06:47:44.317 GMT-0800,255.486,254.954,0.0132,0.0132
13.11.2023 06:47:44.533 GMT-0800,255.486,254.954,0.009,0.0112
13.11.2023 06:47:44.584 GMT-0800,255.516,255.13400000000001,0.0132,0.0132
13.11.2023 06:47:47.579 GMT-0800,255.476,255.13400000000001,0.0009,0.0132
13.11.2023 06:47:49.108 GMT-0800,255.356,255.13400000000001,0.0009,0.009
13.11.2023 06:47:49.160 GMT-0800,255.136,254.69400000000002,0.0132,0.0132
13.11.2023 06:47:49.925 GMT-0800,255.136,254.74400000000003,0.0132,0.0009
13.11.2023 06:47:50.933 GMT-0800,255.386,254.74400000000003,0.0132,0.0132
13.11.2023 06:47:51.507 GMT-0800,255.376,254.74400000000003,0.0009,0.0132
13.11.2023 06:47:56.015 GMT-0800,255.376,254.74400000000003,0.0132,0.0112
13.11.2023 06:47:58.514 GMT-0800,255.356,254.93400000000003,0.0009,0.009
13.11.2023 06:47:58.621 GMT-0800,255.356,254.74400000000003,0.0132,0.0132
13.11.2023 06:48:00.001 GMT-0800,255.33599999999998,254.74400000000003,0.0009,0.0132
13.11.2023 06:48:00.153 GMT-0800,255.356,254.74400000000003,0.0132,0.0132
13.11.2023 06:48:00.363 GMT-0800,255.33599999999998,254.74400000000003,0.0009,0.0132
13.11.2023 06:48:00.514 GMT-0800,255.356,254.74400000000003,0.0132,0.0132
13.11.2023 06:48:16.199 GMT-0800,255.30599999999998,254.74400000000003,0.0009,0.0132
13.11.2023 06:48:16.942 GMT-0800,255.30599999999998,254.74400000000003,0.0132,0.0112
13.11.2023 06:48:17.294 GMT-0800,255.30599999999998,254.74400000000003,0.0132,0.0132
13.11.2023 06:48:20.647 GMT-0800,255.30599999999998,254.794,0.0132,0.0009
13.11.2023 06:48:20.754 GMT-0800,255.296,254.794,0.0132,0.0132
13.11.2023 06:48:20.861 GMT-0800,254.99599999999998,254.794,0.0009,0.009
13.11.2023 06:48:20.912 GMT-0800,255.11599999999999,254.484,0.0132,0.0132
13.11.2023 06:48:21.116 GMT-0800,255.02599999999998,254.484,0.0009,0.0132
13.11.2023 06:48:26.298 GMT-0800,254.96599999999998,254.484,0.0009,0.0132
13.11.2023 06:48:26.875 GMT-0800,254.896,254.484,0.0009,0.009
13.11.2023 06:48:26.926 GMT-0800,254.896,254.47400000000002,0.0132,0.0132
13.11.2023 06:48:26.977 GMT-0800,254.786,254.46400000000003,0.0132,0.0132
