Local time,Ask,Bid,AskVolume,BidVolume
13.11.2023 06:30:16.850 GMT-0800,54.493,54.467,0.012,0.012
13.11.2023 06:30:17.476 GMT-0800,54.503,54.467,0.012,0.012
13.11.2023 06:30:21.179 GMT-0800,54.504,54.476000000000006,0.012,0.012
13.11.2023 06:30:22.975 GMT-0800,54.504,54.456,0.012,0.012
13.11.2023 06:30:23.121 GMT-0800,54.503,54.477,0.012,0.012
13.11.2023 06:30:29.197 GMT-0800,54.493,54.437,0.012,0.012
13.11.2023 06:30:29.248 GMT-0800,54.473000000000006,54.437,0.012,0.012
13.11.2023 06:30:29.400 GMT-0800,54.463,54.417,0.012,0.012
13.11.2023 06:30:29.633 GMT-0800,54.473000000000006,54.417,0.012,0.012
13.11.2023 06:30:29.941 GMT-0800,54.473000000000006,54.437,0.012,0.012
13.11.2023 06:30:29.991 GMT-0800,54.473000000000006,54.427,0.012,0.012
13.11.2023 06:30:30.222 GMT-0800,54.473000000000006,54.437,0.012,0.012
13.11.2023 06:30:30.617 GMT-0800,54.473000000000006,54.427,0.012,0.012
13.11.2023 06:30:30.717 GMT-0800,54.463,54.437,0.012,0.012
13.11.2023 06:30:30.768 GMT-0800,54.473000000000006,54.417,0.012,0.012
13.11.2023 06:30:32.269 GMT-0800,54.463,54.417,0.012,0.012
13.11.2023 06:30:32.320 GMT-0800,54.474,54.416000000000004,0.012,0.012
13.11.2023 06:30:32.371 GMT-0800,54.453,54.417,0.012,0.012
13.11.2023 06:30:33.267 GMT-0800,54.453,54.397,0.012,0.012
13.11.2023 06:30:34.919 GMT-0800,54.424,54.376000000000005,0.012,0.012
13.11.2023 06:30:34.970 GMT-0800,54.434,54.376000000000005,0.012,0.012
13.11.2023 06:30:35.044 GMT-0800,54.454,54.39600000000001,0.012,0.012
13.11.2023 06:30:35.226 GMT-0800,54.423,54.377,0.012,0.012
13.11.2023 06:30:35.327 GMT-0800,54.454,54.376000000000005,0.012,0.012
13.11.2023 06:30:35.492 GMT-0800,54.453,54.397,0.012,0.012
13.11.2023 06:30:35.634 GMT-0800,54.433,54.377,0.012,0.012
13.11.2023 06:30:35.855 GMT-0800,54.413999999999994,54.376000000000005,0.012,0.012
13.11.2023 06:30:35.905 GMT-0800,54.434,54.376000000000005,0.012,0.012
13.11.2023 06:30:35.961 GMT-0800,54.403000000000006,54.347,0.012,0.012
13.11.2023 06:30:36.011 GMT-0800,54.433,54.367,0.012,0.012
13.11.2023 06:30:36.071 GMT-0800,54.434,54.386,0.012,0.012
13.11.2023 06:30:36.122 GMT-0800,54.433,54.367,0.012,0.012
13.11.2023 06:30:36.172 GMT-0800,54.413000000000004,54.377,0.012,0.012
13.11.2023 06:30:36.223 GMT-0800,54.413000000000004,54.367,0.012,0.012
13.11.2023 06:30:36.274 GMT-0800,54.403000000000006,54.367,0.012,0.012
13.11.2023 06:30:36.324 GMT-0800,54.413999999999994,54.346000000000004,0.012,0.012
13.11.2023 06:30:37.941 GMT-0800,54.413000000000004,54.367,0.012,0.012
13.11.2023 06:30:37.991 GMT-0800,54.413999999999994,54.346000000000004,0.012,0.012
13.11.2023 06:30:39.946 GMT-0800,54.413999999999994,54.376000000000005,0.012,0.012
13.11.2023 06:30:40.059 GMT-0800,54.413000000000004,54.367,0.012,0.012
13.11.2023 06:30:40.896 GMT-0800,54.433,54.367,0.012,0.012
13.11.2023 06:30:40.997 GMT-0800,54.434,54.39600000000001,0.012,0.012
13.11.2023 06:30:41.173 GMT-0800,54.434,54.406000000000006,0.012,0.012
13.11.2023 06:30:41.555 GMT-0800,54.434,54.386,0.012,0.012
13.11.2023 06:30:52.525 GMT-0800,54.504,54.43600000000001,0.012,0.012
13.11.2023 06:30:54.311 GMT-0800,54.513000000000005,54.467,0.012,0.012
13.11.2023 06:30:54.361 GMT-0800,54.513000000000005,54.437,0.012,0.012
13.11.2023 06:30:56.891 GMT-0800,54.503,54.457,0.012,0.012
13.11.2023 06:30:56.955 GMT-0800,54.504,54.43600000000001,0.012,0.012
13.11.2023 06:30:58.343 GMT-0800,54.513999999999996,54.456,0.012,0.012
13.11.2023 06:30:58.444 GMT-0800,54.513999999999996,54.476000000000006,0.012,0.012
13.11.2023 06:30:58.643 GMT-0800,54.513999999999996,54.456,0.012,0.012
13.11.2023 06:30:59.578 GMT-0800,54.503,54.457,0.012,0.012
13.11.2023 06:30:59.629 GMT-0800,54.504,54.446000000000005,0.012,0.012
13.11.2023 06:31:00.159 GMT-0800,54.513999999999996,54.46600000000001,0.012,0.012
13.11.2023 06:31:00.584 GMT-0800,54.504,54.456,0.012,0.012
13.11.2023 06:31:00.867 GMT-0800,54.503,54.447,0.012,0.012
13.11.2023 06:31:00.946 GMT-0800,54.503,54.457,0.012,0.012
13.11.2023 06:31:01.084 GMT-0800,54.504,54.446000000000005,0.012,0.012
13.11.2023 06:31:01.157 GMT-0800,54.503,54.457,0.012,0.012
13.11.2023 06:31:04.847 GMT-0800,54.513999999999996,54.456,0.012,0.012
13.11.2023 06:31:04.949 GMT-0800,54.504,54.456,0.012,0.012
13.11.2023 06:31:06.620 GMT-0800,54.513000000000005,54.457,0.012,0.012
13.11.2023 06:31:07.696 GMT-0800,54.503,54.457,0.012,0.012
13.11.2023 06:31:08.947 GMT-0800,54.483000000000004,54.457,0.012,0.012
13.11.2023 06:31:09.369 GMT-0800,54.504,54.456,0.012,0.012
13.11.2023 06:31:09.855 GMT-0800,54.473000000000006,54.427,0.012,0.012
13.11.2023 06:31:09.956 GMT-0800,54.483999999999995,54.426,0.012,0.012
13.11.2023 06:31:10.461 GMT-0800,54.494,54.456,0.012,0.012
13.11.2023 06:31:10.512 GMT-0800,54.503,54.447,0.012,0.012
13.11.2023 06:31:11.222 GMT-0800,54.513000000000005,54.467,0.012,0.012
13.11.2023 06:31:11.272 GMT-0800,54.503,54.447,0.012,0.012
13.11.2023 06:31:11.809 GMT-0800,54.503,54.427,0.012,0.012
13.11.2023 06:31:11.921 GMT-0800,54.494,54.426,0.012,0.012
13.11.2023 06:31:11.972 GMT-0800,54.504,54.426,0.012,0.012
13.11.2023 06:31:12.350 GMT-0800,54.483999999999995,54.426,0.012,0.012
13.11.2023 06:31:12.806 GMT-0800,54.503,54.427,0.012,0.012
13.11.2023 06:31:13.144 GMT-0800,54.483000000000004,54.427,0.012,0.012
13.11.2023 06:31:13.298 GMT-0800,54.503,54.447,0.012,0.012
13.11.2023 06:31:13.349 GMT-0800,54.504,54.426,0.012,0.012
13.11.2023 06:31:14.896 GMT-0800,54.513000000000005,54.447,0.012,0.012
13.11.2023 06:31:14.946 GMT-0800,54.504,54.446000000000005,0.012,0.012
13.11.2023 06:31:15.097 GMT-0800,54.513999999999996,54.446000000000005,0.012,0.012
13.11.2023 06:31:15.148 GMT-0800,54.513999999999996,54.46600000000001,0.012,0.012
13.11.2023 06:31:15.273 GMT-0800,54.513999999999996,54.476000000000006,0.012,0.012
13.11.2023 06:31:15.424 GMT-0800,54.513000000000005,54.467,0.012,0.012
13.11.2023 06:31:15.493 GMT-0800,54.513999999999996,54.486000000000004,0.012,0.012
13.11.2023 06:31:15.544 GMT-0800,54.513999999999996,54.46600000000001,0.012,0.012
13.11.2023 06:31:16.966 GMT-0800,54.544,54.496,0.012,0.012
13.11.2023 06:31:17.016 GMT-0800,54.543000000000006,54.467,0.012,0.012
13.11.2023 06:31:17.486 GMT-0800,54.543000000000006,54.507,0.012,0.012
13.11.2023 06:31:17.536 GMT-0800,54.544,54.496,0.012,0.012
13.11.2023 06:31:17.957 GMT-0800,54.563,54.497,0.012,0.012
13.11.2023 06:31:19.129 GMT-0800,54.564,54.50600000000001,0.012,0.012
13.11.2023 06:31:19.355 GMT-0800,54.544,54.496,0.012,0.012
13.11.2023 06:31:19.500 GMT-0800,54.543000000000006,54.487,0.012,0.012
13.11.2023 06:31:19.946 GMT-0800,54.524,54.476000000000006,0.012,0.012
13.11.2023 06:31:20.517 GMT-0800,54.513000000000005,54.477,0.012,0.012
13.11.2023 06:31:20.962 GMT-0800,54.524,54.476000000000006,0.012,0.012
13.11.2023 06:31:21.942 GMT-0800,54.504,54.476000000000006,0.012,0.012
13.11.2023 06:31:22.175 GMT-0800,54.523,54.477,0.012,0.012
13.11.2023 06:31:22.500 GMT-0800,54.503,54.447,0.012,0.012
13.11.2023 06:31:23.281 GMT-0800,54.494,54.446000000000005,0.012,0.012
13.11.2023 06:31:23.332 GMT-0800,54.503,54.447,0.012,0.012
13.11.2023 06:31:23.433 GMT-0800,54.494,54.446000000000005,0.012,0.012
13.11.2023 06:31:23.484 GMT-0800,54.504,54.446000000000005,0.012,0.012
13.11.2023 06:31:23.534 GMT-0800,54.493,54.447,0.012,0.012
13.11.2023 06:31:23.585 GMT-0800,54.503,54.447,0.012,0.012
13.11.2023 06:31:23.686 GMT-0800,54.493,54.447,0.012,0.012
13.11.2023 06:31:23.741 GMT-0800,54.504,54.446000000000005,0.012,0.012
13.11.2023 06:31:23.791 GMT-0800,54.494,54.446000000000005,0.012,0.012
13.11.2023 06:31:23.892 GMT-0800,54.483999999999995,54.446000000000005,0.012,0.012
13.11.2023 06:31:25.163 GMT-0800,54.483999999999995,54.456,0.012,0.012
13.11.2023 06:31:25.264 GMT-0800,54.483000000000004,54.447,0.012,0.012
13.11.2023 06:31:25.453 GMT-0800,54.504,54.446000000000005,0.012,0.012
13.11.2023 06:31:25.503 GMT-0800,54.503,54.457,0.012,0.012
13.11.2023 06:31:25.554 GMT-0800,54.503,54.447,0.012,0.012
13.11.2023 06:31:25.860 GMT-0800,54.523,54.487,0.012,0.012
13.11.2023 06:31:25.911 GMT-0800,54.523,54.447,0.012,0.012
13.11.2023 06:31:26.074 GMT-0800,54.513999999999996,54.446000000000005,0.012,0.012
13.11.2023 06:31:26.365 GMT-0800,54.524,54.486000000000004,0.012,0.012
13.11.2023 06:31:26.466 GMT-0800,54.523,54.477,0.012,0.012
13.11.2023 06:31:26.664 GMT-0800,54.523,54.447,0.012,0.012
13.11.2023 06:31:27.791 GMT-0800,54.543000000000006,54.447,0.012,0.012
13.11.2023 06:31:28.974 GMT-0800,54.543000000000006,54.477,0.012,0.012
13.11.2023 06:31:29.430 GMT-0800,54.544,54.446000000000005,0.012,0.012
13.11.2023 06:31:31.062 GMT-0800,54.524,54.446000000000005,0.012,0.012
13.11.2023 06:31:31.203 GMT-0800,54.504,54.456,0.012,0.012
13.11.2023 06:31:31.644 GMT-0800,54.523,54.467,0.012,0.012
13.11.2023 06:31:31.745 GMT-0800,54.523,54.477,0.012,0.012
13.11.2023 06:31:31.795 GMT-0800,54.523,54.467,0.012,0.012
13.11.2023 06:31:32.474 GMT-0800,54.523,54.477,0.012,0.012
13.11.2023 06:31:32.524 GMT-0800,54.523,54.467,0.012,0.012
13.11.2023 06:31:32.656 GMT-0800,54.513000000000005,54.467,0.012,0.012
13.11.2023 06:31:32.817 GMT-0800,54.483000000000004,54.457,0.012,0.012
13.11.2023 06:31:32.868 GMT-0800,54.524,54.476000000000006,0.012,0.012
13.11.2023 06:31:32.933 GMT-0800,54.503,54.457,0.012,0.012
13.11.2023 06:31:33.059 GMT-0800,54.503,54.467,0.012,0.012
13.11.2023 06:31:33.166 GMT-0800,54.504,54.456,0.012,0.012
13.11.2023 06:31:33.455 GMT-0800,54.513000000000005,54.467,0.012,0.012
13.11.2023 06:31:33.506 GMT-0800,54.524,54.46600000000001,0.012,0.012
13.11.2023 06:31:34.020 GMT-0800,54.524,54.476000000000006,0.012,0.012
13.11.2023 06:31:34.443 GMT-0800,54.524,54.46600000000001,0.012,0.012
13.11.2023 06:31:34.493 GMT-0800,54.524,54.476000000000006,0.012,0.012
13.11.2023 06:31:34.810 GMT-0800,54.524,54.46600000000001,0.012,0.012
13.11.2023 06:31:34.862 GMT-0800,54.523,54.477,0.012,0.012
13.11.2023 06:31:35.049 GMT-0800,54.523,54.487,0.012,0.012
13.11.2023 06:31:35.210 GMT-0800,54.544,54.486000000000004,0.012,0.012
13.11.2023 06:31:35.261 GMT-0800,54.524,54.476000000000006,0.012,0.012
13.11.2023 06:31:35.683 GMT-0800,54.523,54.467,0.012,0.012
13.11.2023 06:31:36.484 GMT-0800,54.543000000000006,54.507,0.012,0.012
13.11.2023 06:31:36.535 GMT-0800,54.543000000000006,54.497,0.012,0.012
13.11.2023 06:31:36.586 GMT-0800,54.563,54.497,0.012,0.012
13.11.2023 06:31:36.636 GMT-0800,54.564,54.50600000000001,0.012,0.012
13.11.2023 06:31:37.235 GMT-0800,54.563,54.487,0.012,0.012
13.11.2023 06:31:39.007 GMT-0800,54.564,54.516000000000005,0.012,0.012
13.11.2023 06:31:39.446 GMT-0800,54.564,54.486000000000004,0.012,0.012
13.11.2023 06:31:50.324 GMT-0800,54.614,54.57600000000001,0.012,0.012
13.11.2023 06:31:50.465 GMT-0800,54.614,54.586000000000006,0.012,0.012
13.11.2023 06:31:50.534 GMT-0800,54.614,54.57600000000001,0.012,0.012
13.11.2023 06:31:50.848 GMT-0800,54.614,54.586000000000006,0.012,0.012
13.11.2023 06:31:50.898 GMT-0800,54.643,54.597,0.012,0.012
13.11.2023 06:31:50.949 GMT-0800,54.623000000000005,54.586999999999996,0.012,0.012
13.11.2023 06:31:51.787 GMT-0800,54.644,54.596000000000004,0.012,0.012
13.11.2023 06:31:51.838 GMT-0800,54.643,54.586999999999996,0.012,0.012
13.11.2023 06:31:51.987 GMT-0800,54.643,54.597,0.012,0.012
13.11.2023 06:31:52.554 GMT-0800,54.644,54.586000000000006,0.012,0.012
13.11.2023 06:31:52.604 GMT-0800,54.644,54.596000000000004,0.012,0.012
13.11.2023 06:31:53.123 GMT-0800,54.623999999999995,54.586000000000006,0.012,0.012
13.11.2023 06:31:53.173 GMT-0800,54.643,54.586999999999996,0.012,0.012
13.11.2023 06:31:56.745 GMT-0800,54.623999999999995,54.586000000000006,0.012,0.012
13.11.2023 06:31:57.784 GMT-0800,54.623999999999995,54.596000000000004,0.012,0.012
13.11.2023 06:31:57.834 GMT-0800,54.623999999999995,54.586000000000006,0.012,0.012
13.11.2023 06:31:57.964 GMT-0800,54.623000000000005,54.597,0.012,0.012
13.11.2023 06:31:58.017 GMT-0800,54.623999999999995,54.586000000000006,0.012,0.012
13.11.2023 06:31:58.114 GMT-0800,54.623000000000005,54.597,0.012,0.012
13.11.2023 06:31:58.165 GMT-0800,54.623999999999995,54.586000000000006,0.012,0.012
13.11.2023 06:31:58.222 GMT-0800,54.623000000000005,54.597,0.012,0.012
13.11.2023 06:31:58.272 GMT-0800,54.623999999999995,54.586000000000006,0.012,0.012
13.11.2023 06:31:58.343 GMT-0800,54.623000000000005,54.597,0.012,0.012
13.11.2023 06:31:58.394 GMT-0800,54.623000000000005,54.586999999999996,0.012,0.012
13.11.2023 06:31:58.477 GMT-0800,54.623999999999995,54.596000000000004,0.012,0.012
13.11.2023 06:31:59.072 GMT-0800,54.643,54.586999999999996,0.012,0.012
13.11.2023 06:31:59.219 GMT-0800,54.643,54.597,0.012,0.012
13.11.2023 06:31:59.270 GMT-0800,54.653999999999996,54.596000000000004,0.012,0.012
13.11.2023 06:31:59.369 GMT-0800,54.663000000000004,54.597,0.012,0.012
13.11.2023 06:32:00.197 GMT-0800,54.653000000000006,54.597,0.012,0.012
13.11.2023 06:32:00.595 GMT-0800,54.663999999999994,54.596000000000004,0.012,0.012
13.11.2023 06:32:02.450 GMT-0800,54.643,54.597,0.012,0.012
13.11.2023 06:32:02.501 GMT-0800,54.663999999999994,54.596000000000004,0.012,0.012
13.11.2023 06:32:02.584 GMT-0800,54.633,54.597,0.012,0.012
13.11.2023 06:32:03.308 GMT-0800,54.634,54.586000000000006,0.012,0.012
13.11.2023 06:32:03.460 GMT-0800,54.633,54.597,0.012,0.012
13.11.2023 06:32:03.805 GMT-0800,54.634,54.586000000000006,0.012,0.012
13.11.2023 06:32:03.998 GMT-0800,54.633,54.597,0.012,0.012
13.11.2023 06:32:04.154 GMT-0800,54.633,54.586999999999996,0.012,0.012
13.11.2023 06:32:04.503 GMT-0800,54.623000000000005,54.586999999999996,0.012,0.012
13.11.2023 06:32:04.605 GMT-0800,54.613,54.586999999999996,0.012,0.012
13.11.2023 06:32:05.024 GMT-0800,54.623000000000005,54.586999999999996,0.012,0.012
13.11.2023 06:32:05.363 GMT-0800,54.604,54.54600000000001,0.012,0.012
13.11.2023 06:32:05.464 GMT-0800,54.603,54.537,0.012,0.012
13.11.2023 06:32:05.615 GMT-0800,54.583000000000006,54.537,0.012,0.012
13.11.2023 06:32:05.716 GMT-0800,54.583000000000006,54.527,0.012,0.012
13.11.2023 06:32:05.781 GMT-0800,54.583000000000006,54.507,0.012,0.012
13.11.2023 06:32:05.832 GMT-0800,54.573,54.507,0.012,0.012
13.11.2023 06:32:06.201 GMT-0800,54.583000000000006,54.507,0.012,0.012
13.11.2023 06:32:06.765 GMT-0800,54.583999999999996,54.50600000000001,0.012,0.012
13.11.2023 06:32:06.888 GMT-0800,54.583000000000006,54.537,0.012,0.012
13.11.2023 06:32:06.990 GMT-0800,54.603,54.547,0.012,0.012
13.11.2023 06:32:07.072 GMT-0800,54.604,54.536,0.012,0.012
13.11.2023 06:32:07.212 GMT-0800,54.583000000000006,54.537,0.012,0.012
13.11.2023 06:32:07.624 GMT-0800,54.574,54.50600000000001,0.012,0.012
13.11.2023 06:32:07.967 GMT-0800,54.583999999999996,54.50600000000001,0.012,0.012
13.11.2023 06:32:09.977 GMT-0800,54.564,54.50600000000001,0.012,0.012
13.11.2023 06:32:10.079 GMT-0800,54.583999999999996,54.50600000000001,0.012,0.012
13.11.2023 06:32:10.184 GMT-0800,54.563,54.507,0.012,0.012
13.11.2023 06:32:10.322 GMT-0800,54.583000000000006,54.507,0.012,0.012
13.11.2023 06:32:10.459 GMT-0800,54.563,54.507,0.012,0.012
13.11.2023 06:32:10.615 GMT-0800,54.583999999999996,54.50600000000001,0.012,0.012
13.11.2023 06:32:10.667 GMT-0800,54.563,54.507,0.012,0.012
13.11.2023 06:32:10.908 GMT-0800,54.564,54.536,0.012,0.012
13.11.2023 06:32:10.974 GMT-0800,54.563,54.527,0.012,0.012
13.11.2023 06:32:12.113 GMT-0800,54.564,54.50600000000001,0.012,0.012
13.11.2023 06:32:12.163 GMT-0800,54.564,54.526,0.012,0.012
13.11.2023 06:32:12.266 GMT-0800,54.564,54.50600000000001,0.012,0.012
13.11.2023 06:32:12.323 GMT-0800,54.564,54.526,0.012,0.012
13.11.2023 06:32:12.500 GMT-0800,54.563,54.507,0.012,0.012
13.11.2023 06:32:12.550 GMT-0800,54.583000000000006,54.527,0.012,0.012
13.11.2023 06:32:13.477 GMT-0800,54.553999999999995,54.50600000000001,0.012,0.012
13.11.2023 06:32:13.529 GMT-0800,54.543000000000006,54.487,0.012,0.012
13.11.2023 06:32:13.977 GMT-0800,54.534,54.486000000000004,0.012,0.012
13.11.2023 06:32:14.028 GMT-0800,54.544,54.486000000000004,0.012,0.012
13.11.2023 06:32:15.346 GMT-0800,54.524,54.46600000000001,0.012,0.012
13.11.2023 06:32:15.583 GMT-0800,54.524,54.446000000000005,0.012,0.012
13.11.2023 06:32:16.028 GMT-0800,54.503,54.447,0.012,0.012
13.11.2023 06:32:16.129 GMT-0800,54.493,54.447,0.012,0.012
13.11.2023 06:32:16.230 GMT-0800,54.494,54.426,0.012,0.012
13.11.2023 06:32:16.554 GMT-0800,54.493,54.457,0.012,0.012
13.11.2023 06:32:16.605 GMT-0800,54.513999999999996,54.456,0.012,0.012
13.11.2023 06:32:16.656 GMT-0800,54.513000000000005,54.427,0.012,0.012
13.11.2023 06:32:16.706 GMT-0800,54.504,54.426,0.012,0.012
13.11.2023 06:32:16.772 GMT-0800,54.524,54.426,0.012,0.012
13.11.2023 06:32:17.322 GMT-0800,54.493,54.427,0.012,0.012
13.11.2023 06:32:17.373 GMT-0800,54.523,54.427,0.012,0.012
13.11.2023 06:32:17.590 GMT-0800,54.494,54.426,0.012,0.012
13.11.2023 06:32:17.641 GMT-0800,54.503,54.427,0.012,0.012
13.11.2023 06:32:17.728 GMT-0800,54.523,54.427,0.012,0.012
13.11.2023 06:32:19.265 GMT-0800,54.513999999999996,54.426,0.012,0.012
13.11.2023 06:32:19.364 GMT-0800,54.504,54.446000000000005,0.012,0.012
13.11.2023 06:32:20.528 GMT-0800,54.483000000000004,54.437,0.012,0.012
13.11.2023 06:32:20.579 GMT-0800,54.504,54.446000000000005,0.012,0.012
13.11.2023 06:32:20.730 GMT-0800,54.504,54.426,0.012,0.012
13.11.2023 06:32:20.928 GMT-0800,54.483999999999995,54.426,0.012,0.012
13.11.2023 06:32:21.310 GMT-0800,54.483999999999995,54.43600000000001,0.012,0.012
13.11.2023 06:32:21.714 GMT-0800,54.483000000000004,54.427,0.012,0.012
13.11.2023 06:32:22.145 GMT-0800,54.463,54.427,0.012,0.012
13.11.2023 06:32:22.196 GMT-0800,54.473000000000006,54.407,0.012,0.012
13.11.2023 06:32:22.247 GMT-0800,54.464,54.406000000000006,0.012,0.012
13.11.2023 06:32:22.297 GMT-0800,54.483999999999995,54.406000000000006,0.012,0.012
13.11.2023 06:32:22.644 GMT-0800,54.463,54.407,0.012,0.012
13.11.2023 06:32:22.963 GMT-0800,54.493,54.437,0.012,0.012
13.11.2023 06:32:23.183 GMT-0800,54.474,54.426,0.012,0.012
13.11.2023 06:32:23.371 GMT-0800,54.483999999999995,54.406000000000006,0.012,0.012
13.11.2023 06:32:23.580 GMT-0800,54.463,54.407,0.012,0.012
13.11.2023 06:32:23.701 GMT-0800,54.483999999999995,54.43600000000001,0.012,0.012
13.11.2023 06:32:23.787 GMT-0800,54.483999999999995,54.406000000000006,0.012,0.012
13.11.2023 06:32:24.250 GMT-0800,54.483999999999995,54.426,0.012,0.012
13.11.2023 06:32:24.631 GMT-0800,54.464,54.406000000000006,0.012,0.012
13.11.2023 06:32:24.771 GMT-0800,54.453,54.387,0.012,0.012
13.11.2023 06:32:25.615 GMT-0800,54.454,54.386,0.012,0.012
13.11.2023 06:32:26.035 GMT-0800,54.463,54.387,0.012,0.012
13.11.2023 06:32:26.090 GMT-0800,54.483000000000004,54.387,0.012,0.012
13.11.2023 06:32:26.611 GMT-0800,54.453,54.387,0.012,0.012
13.11.2023 06:32:26.662 GMT-0800,54.464,54.386,0.012,0.012
13.11.2023 06:32:26.840 GMT-0800,54.483999999999995,54.416000000000004,0.012,0.012
13.11.2023 06:32:26.963 GMT-0800,54.463,54.417,0.012,0.012
13.11.2023 06:32:27.063 GMT-0800,54.463,54.387,0.012,0.012
13.11.2023 06:32:28.379 GMT-0800,54.464,54.446000000000005,0.012,0.012
13.11.2023 06:32:29.258 GMT-0800,54.463,54.427,0.012,0.012
13.11.2023 06:32:29.309 GMT-0800,54.504,54.446000000000005,0.012,0.012
13.11.2023 06:32:29.553 GMT-0800,54.503,54.467,0.012,0.012
13.11.2023 06:32:29.604 GMT-0800,54.504,54.456,0.012,0.012
13.11.2023 06:32:29.655 GMT-0800,54.523,54.467,0.012,0.012
13.11.2023 06:32:30.153 GMT-0800,54.513999999999996,54.46600000000001,0.012,0.012
13.11.2023 06:32:30.837 GMT-0800,54.503,54.447,0.012,0.012
13.11.2023 06:32:30.975 GMT-0800,54.504,54.456,0.012,0.012
13.11.2023 06:32:31.304 GMT-0800,54.504,54.446000000000005,0.012,0.012
13.11.2023 06:32:31.625 GMT-0800,54.513000000000005,54.447,0.012,0.012
13.11.2023 06:32:31.694 GMT-0800,54.504,54.446000000000005,0.012,0.012
13.11.2023 06:32:31.830 GMT-0800,54.483999999999995,54.446000000000005,0.012,0.012
13.11.2023 06:32:32.377 GMT-0800,54.504,54.446000000000005,0.012,0.012
13.11.2023 06:32:32.428 GMT-0800,54.473000000000006,54.447,0.012,0.012
13.11.2023 06:32:32.479 GMT-0800,54.483000000000004,54.447,0.012,0.012
13.11.2023 06:32:32.932 GMT-0800,54.474,54.446000000000005,0.012,0.012
13.11.2023 06:32:33.030 GMT-0800,54.483000000000004,54.447,0.012,0.012
13.11.2023 06:32:33.486 GMT-0800,54.504,54.446000000000005,0.012,0.012
13.11.2023 06:32:33.866 GMT-0800,54.483999999999995,54.446000000000005,0.012,0.012
13.11.2023 06:32:33.963 GMT-0800,54.483000000000004,54.437,0.012,0.012
13.11.2023 06:32:34.265 GMT-0800,54.483000000000004,54.427,0.012,0.012
13.11.2023 06:32:34.808 GMT-0800,54.474,54.426,0.012,0.012
13.11.2023 06:32:34.861 GMT-0800,54.483999999999995,54.426,0.012,0.012
13.11.2023 06:32:35.174 GMT-0800,54.504,54.426,0.012,0.012
13.11.2023 06:32:35.991 GMT-0800,54.483999999999995,54.426,0.012,0.012
13.11.2023 06:32:36.130 GMT-0800,54.473000000000006,54.427,0.012,0.012
13.11.2023 06:32:36.181 GMT-0800,54.483000000000004,54.427,0.012,0.012
13.11.2023 06:32:36.397 GMT-0800,54.503,54.427,0.012,0.012
13.11.2023 06:32:39.079 GMT-0800,54.504,54.456,0.012,0.012
13.11.2023 06:32:39.403 GMT-0800,54.503,54.447,0.012,0.012
13.11.2023 06:32:40.070 GMT-0800,54.504,54.426,0.012,0.012
13.11.2023 06:32:41.325 GMT-0800,54.483000000000004,54.427,0.012,0.012
13.11.2023 06:32:42.489 GMT-0800,54.464,54.426,0.012,0.012
13.11.2023 06:32:42.539 GMT-0800,54.473000000000006,54.427,0.012,0.012
13.11.2023 06:32:42.590 GMT-0800,54.483999999999995,54.426,0.012,0.012
13.11.2023 06:32:43.193 GMT-0800,54.473000000000006,54.427,0.012,0.012
13.11.2023 06:32:43.294 GMT-0800,54.483000000000004,54.427,0.012,0.012
13.11.2023 06:32:44.040 GMT-0800,54.504,54.446000000000005,0.012,0.012
13.11.2023 06:32:44.364 GMT-0800,54.504,54.426,0.012,0.012
13.11.2023 06:32:44.415 GMT-0800,54.474,54.426,0.012,0.012
13.11.2023 06:32:44.516 GMT-0800,54.483000000000004,54.427,0.012,0.012
13.11.2023 06:32:44.810 GMT-0800,54.483000000000004,54.447,0.012,0.012
13.11.2023 06:32:44.861 GMT-0800,54.473000000000006,54.427,0.012,0.012
13.11.2023 06:32:45.074 GMT-0800,54.503,54.447,0.012,0.012
13.11.2023 06:32:45.124 GMT-0800,54.474,54.426,0.012,0.012
13.11.2023 06:32:45.819 GMT-0800,54.483999999999995,54.426,0.012,0.012
13.11.2023 06:32:45.870 GMT-0800,54.504,54.426,0.012,0.012
13.11.2023 06:32:46.450 GMT-0800,54.463,54.427,0.012,0.012
13.11.2023 06:32:46.500 GMT-0800,54.503,54.427,0.012,0.012
13.11.2023 06:32:46.707 GMT-0800,54.483000000000004,54.437,0.012,0.012
13.11.2023 06:32:46.757 GMT-0800,54.483999999999995,54.426,0.012,0.012
13.11.2023 06:32:47.051 GMT-0800,54.503,54.427,0.012,0.012
13.11.2023 06:32:47.894 GMT-0800,54.483000000000004,54.427,0.012,0.012
13.11.2023 06:32:48.128 GMT-0800,54.463,54.427,0.012,0.012
13.11.2023 06:32:48.179 GMT-0800,54.464,54.406000000000006,0.012,0.012
13.11.2023 06:32:48.854 GMT-0800,54.473000000000006,54.407,0.012,0.012
13.11.2023 06:32:48.957 GMT-0800,54.483000000000004,54.407,0.012,0.012
13.11.2023 06:32:50.263 GMT-0800,54.504,54.406000000000006,0.012,0.012
13.11.2023 06:33:06.407 GMT-0800,54.494,54.46600000000001,0.012,0.012
13.11.2023 06:33:06.815 GMT-0800,54.503,54.467,0.012,0.012
13.11.2023 06:33:08.111 GMT-0800,54.524,54.46600000000001,0.012,0.012
13.11.2023 06:33:08.732 GMT-0800,54.494,54.46600000000001,0.012,0.012
13.11.2023 06:33:08.782 GMT-0800,54.504,54.46600000000001,0.012,0.012
13.11.2023 06:33:09.062 GMT-0800,54.504,54.456,0.012,0.012
13.11.2023 06:33:09.285 GMT-0800,54.483999999999995,54.456,0.012,0.012
13.11.2023 06:33:09.386 GMT-0800,54.503,54.457,0.012,0.012
13.11.2023 06:33:10.027 GMT-0800,54.503,54.447,0.012,0.012
13.11.2023 06:33:10.077 GMT-0800,54.504,54.456,0.012,0.012
13.11.2023 06:33:10.760 GMT-0800,54.473000000000006,54.427,0.012,0.012
13.11.2023 06:33:11.129 GMT-0800,54.483000000000004,54.427,0.012,0.012
13.11.2023 06:33:11.458 GMT-0800,54.454,54.406000000000006,0.012,0.012
13.11.2023 06:33:11.559 GMT-0800,54.443999999999996,54.406000000000006,0.012,0.012
13.11.2023 06:33:11.610 GMT-0800,54.454,54.406000000000006,0.012,0.012
13.11.2023 06:33:12.750 GMT-0800,54.464,54.406000000000006,0.012,0.012
13.11.2023 06:33:12.800 GMT-0800,54.483000000000004,54.427,0.012,0.012
13.11.2023 06:33:13.106 GMT-0800,54.504,54.426,0.012,0.012
13.11.2023 06:33:13.620 GMT-0800,54.504,54.446000000000005,0.012,0.012
13.11.2023 06:33:14.048 GMT-0800,54.473000000000006,54.427,0.012,0.012
13.11.2023 06:33:14.099 GMT-0800,54.483999999999995,54.426,0.012,0.012
13.11.2023 06:33:14.540 GMT-0800,54.493,54.447,0.012,0.012
13.11.2023 06:33:14.591 GMT-0800,54.483999999999995,54.426,0.012,0.012
13.11.2023 06:33:16.405 GMT-0800,54.503,54.447,0.012,0.012
13.11.2023 06:33:17.584 GMT-0800,54.523,54.467,0.012,0.012
13.11.2023 06:33:18.121 GMT-0800,54.523,54.457,0.012,0.012
13.11.2023 06:33:18.172 GMT-0800,54.523,54.447,0.012,0.012
13.11.2023 06:33:20.267 GMT-0800,54.524,54.476000000000006,0.012,0.012
13.11.2023 06:33:20.829 GMT-0800,54.523,54.467,0.012,0.012
13.11.2023 06:33:21.268 GMT-0800,54.523,54.457,0.012,0.012
13.11.2023 06:33:21.318 GMT-0800,54.504,54.446000000000005,0.012,0.012
13.11.2023 06:33:21.756 GMT-0800,54.524,54.446000000000005,0.012,0.012
13.11.2023 06:33:21.815 GMT-0800,54.523,54.467,0.012,0.012
13.11.2023 06:33:22.449 GMT-0800,54.523,54.447,0.012,0.012
13.11.2023 06:33:23.398 GMT-0800,54.523,54.467,0.012,0.012
13.11.2023 06:33:23.499 GMT-0800,54.503,54.467,0.012,0.012
13.11.2023 06:33:23.573 GMT-0800,54.524,54.46600000000001,0.012,0.012
13.11.2023 06:33:24.467 GMT-0800,54.523,54.477,0.012,0.012
13.11.2023 06:33:25.057 GMT-0800,54.523,54.467,0.012,0.012
13.11.2023 06:33:25.917 GMT-0800,54.504,54.476000000000006,0.012,0.012
13.11.2023 06:33:25.968 GMT-0800,54.503,54.467,0.012,0.012
13.11.2023 06:33:26.051 GMT-0800,54.504,54.476000000000006,0.012,0.012
13.11.2023 06:33:26.107 GMT-0800,54.543000000000006,54.507,0.012,0.012
13.11.2023 06:33:26.158 GMT-0800,54.534,54.496,0.012,0.012
13.11.2023 06:33:26.208 GMT-0800,54.534,54.486000000000004,0.012,0.012
13.11.2023 06:33:26.282 GMT-0800,54.524,54.486000000000004,0.012,0.012
13.11.2023 06:33:27.087 GMT-0800,54.543000000000006,54.487,0.012,0.012
13.11.2023 06:33:27.955 GMT-0800,54.534,54.486000000000004,0.012,0.012
13.11.2023 06:33:28.146 GMT-0800,54.524,54.486000000000004,0.012,0.012
13.11.2023 06:33:29.563 GMT-0800,54.513000000000005,54.487,0.012,0.012
13.11.2023 06:33:29.614 GMT-0800,54.524,54.486000000000004,0.012,0.012
13.11.2023 06:33:29.664 GMT-0800,54.504,54.46600000000001,0.012,0.012
13.11.2023 06:33:29.715 GMT-0800,54.503,54.447,0.012,0.012
13.11.2023 06:33:29.765 GMT-0800,54.504,54.476000000000006,0.012,0.012
13.11.2023 06:33:32.049 GMT-0800,54.493,54.477,0.012,0.012
13.11.2023 06:33:32.100 GMT-0800,54.494,54.456,0.012,0.012
13.11.2023 06:33:32.617 GMT-0800,54.493,54.447,0.012,0.012
13.11.2023 06:33:33.053 GMT-0800,54.504,54.476000000000006,0.012,0.012
13.11.2023 06:33:33.104 GMT-0800,54.503,54.467,0.012,0.012
13.11.2023 06:33:33.940 GMT-0800,54.503,54.447,0.012,0.012
13.11.2023 06:33:34.758 GMT-0800,54.504,54.456,0.012,0.012
13.11.2023 06:33:35.179 GMT-0800,54.504,54.46600000000001,0.012,0.012
13.11.2023 06:33:35.989 GMT-0800,54.504,54.456,0.012,0.012
13.11.2023 06:33:37.067 GMT-0800,54.503,54.477,0.012,0.012
13.11.2023 06:33:38.547 GMT-0800,54.494,54.456,0.012,0.012
13.11.2023 06:33:38.598 GMT-0800,54.503,54.457,0.012,0.012
13.11.2023 06:33:39.399 GMT-0800,54.483999999999995,54.456,0.012,0.012
13.11.2023 06:33:40.632 GMT-0800,54.474,54.43600000000001,0.012,0.012
13.11.2023 06:33:40.683 GMT-0800,54.483000000000004,54.437,0.012,0.012
13.11.2023 06:33:40.925 GMT-0800,54.464,54.43600000000001,0.012,0.012
13.11.2023 06:33:40.976 GMT-0800,54.473000000000006,54.437,0.012,0.012
13.11.2023 06:33:41.027 GMT-0800,54.463,54.437,0.012,0.012
13.11.2023 06:33:46.901 GMT-0800,54.504,54.456,0.012,0.012
13.11.2023 06:33:47.216 GMT-0800,54.503,54.467,0.012,0.012
13.11.2023 06:33:47.266 GMT-0800,54.503,54.457,0.012,0.012
13.11.2023 06:33:47.767 GMT-0800,54.503,54.447,0.012,0.012
13.11.2023 06:33:48.978 GMT-0800,54.473000000000006,54.437,0.012,0.012
13.11.2023 06:33:49.028 GMT-0800,54.483000000000004,54.437,0.012,0.012
13.11.2023 06:33:49.465 GMT-0800,54.473000000000006,54.437,0.012,0.012
13.11.2023 06:33:49.519 GMT-0800,54.483999999999995,54.43600000000001,0.012,0.012
13.11.2023 06:33:52.690 GMT-0800,54.463,54.417,0.012,0.012
13.11.2023 06:33:52.777 GMT-0800,54.464,54.406000000000006,0.012,0.012
13.11.2023 06:33:52.954 GMT-0800,54.464,54.416000000000004,0.012,0.012
13.11.2023 06:33:53.238 GMT-0800,54.433,54.407,0.012,0.012
13.11.2023 06:33:53.289 GMT-0800,54.443000000000005,54.407,0.012,0.012
13.11.2023 06:33:53.360 GMT-0800,54.443000000000005,54.387,0.012,0.012
13.11.2023 06:33:53.410 GMT-0800,54.443000000000005,54.407,0.012,0.012
13.11.2023 06:33:53.922 GMT-0800,54.443000000000005,54.387,0.012,0.012
13.11.2023 06:33:54.616 GMT-0800,54.424,54.386,0.012,0.012
13.11.2023 06:33:54.666 GMT-0800,54.443000000000005,54.387,0.012,0.012
13.11.2023 06:33:54.717 GMT-0800,54.434,54.386,0.012,0.012
13.11.2023 06:33:55.096 GMT-0800,54.443000000000005,54.387,0.012,0.012
13.11.2023 06:33:55.705 GMT-0800,54.443999999999996,54.36600000000001,0.012,0.012
13.11.2023 06:33:55.889 GMT-0800,54.424,54.36600000000001,0.012,0.012
13.11.2023 06:33:57.368 GMT-0800,54.424,54.386,0.012,0.012
13.11.2023 06:33:57.419 GMT-0800,54.424,54.36600000000001,0.012,0.012
13.11.2023 06:33:58.060 GMT-0800,54.413999999999994,54.36600000000001,0.012,0.012
13.11.2023 06:33:58.198 GMT-0800,54.393,54.367,0.012,0.012
13.11.2023 06:33:58.252 GMT-0800,54.403999999999996,54.36600000000001,0.012,0.012
13.11.2023 06:33:58.356 GMT-0800,54.413000000000004,54.367,0.012,0.012
13.11.2023 06:33:58.407 GMT-0800,54.403999999999996,54.36600000000001,0.012,0.012
13.11.2023 06:33:58.693 GMT-0800,54.394,54.36600000000001,0.012,0.012
13.11.2023 06:33:58.794 GMT-0800,54.403000000000006,54.367,0.012,0.012
13.11.2023 06:33:58.874 GMT-0800,54.394,54.36600000000001,0.012,0.012
13.11.2023 06:33:58.952 GMT-0800,54.403000000000006,54.367,0.012,0.012
13.11.2023 06:33:59.003 GMT-0800,54.394,54.36600000000001,0.012,0.012
13.11.2023 06:33:59.053 GMT-0800,54.403000000000006,54.367,0.012,0.012
13.11.2023 06:33:59.118 GMT-0800,54.394,54.36600000000001,0.012,0.012
13.11.2023 06:33:59.345 GMT-0800,54.384,54.356,0.012,0.012
13.11.2023 06:33:59.396 GMT-0800,54.394,54.356,0.012,0.012
13.11.2023 06:33:59.610 GMT-0800,54.413000000000004,54.367,0.012,0.012
13.11.2023 06:33:59.661 GMT-0800,54.403999999999996,54.36600000000001,0.012,0.012
13.11.2023 06:33:59.711 GMT-0800,54.434,54.386,0.012,0.012
13.11.2023 06:33:59.762 GMT-0800,54.443000000000005,54.387,0.012,0.012
13.11.2023 06:33:59.859 GMT-0800,54.433,54.387,0.012,0.012
13.11.2023 06:34:00.106 GMT-0800,54.423,54.387,0.012,0.012
13.11.2023 06:34:00.960 GMT-0800,54.443999999999996,54.386,0.012,0.012
13.11.2023 06:34:01.240 GMT-0800,54.443999999999996,54.39600000000001,0.012,0.012
13.11.2023 06:34:01.560 GMT-0800,54.413999999999994,54.386,0.012,0.012
13.11.2023 06:34:01.611 GMT-0800,54.433,54.387,0.012,0.012
13.11.2023 06:34:01.661 GMT-0800,54.424,54.386,0.012,0.012
13.11.2023 06:34:02.112 GMT-0800,54.423,54.377,0.012,0.012
13.11.2023 06:34:02.196 GMT-0800,54.424,54.386,0.012,0.012
13.11.2023 06:34:02.650 GMT-0800,54.423,54.377,0.012,0.012
13.11.2023 06:34:02.720 GMT-0800,54.423,54.367,0.012,0.012
13.11.2023 06:34:02.821 GMT-0800,54.433,54.387,0.012,0.012
13.11.2023 06:34:03.074 GMT-0800,54.424,54.386,0.012,0.012
13.11.2023 06:34:04.296 GMT-0800,54.434,54.386,0.012,0.012
13.11.2023 06:34:04.610 GMT-0800,54.434,54.39600000000001,0.012,0.012
13.11.2023 06:34:05.089 GMT-0800,54.433,54.387,0.012,0.012
13.11.2023 06:34:05.318 GMT-0800,54.433,54.397,0.012,0.012
13.11.2023 06:34:05.548 GMT-0800,54.424,54.39600000000001,0.012,0.012
13.11.2023 06:34:06.080 GMT-0800,54.434,54.39600000000001,0.012,0.012
13.11.2023 06:34:06.566 GMT-0800,54.443999999999996,54.39600000000001,0.012,0.012
13.11.2023 06:34:07.773 GMT-0800,54.413999999999994,54.386,0.012,0.012
13.11.2023 06:34:07.843 GMT-0800,54.424,54.386,0.012,0.012
13.11.2023 06:34:08.322 GMT-0800,54.413000000000004,54.387,0.012,0.012
13.11.2023 06:34:08.451 GMT-0800,54.424,54.386,0.012,0.012
13.11.2023 06:34:08.979 GMT-0800,54.403999999999996,54.36600000000001,0.012,0.012
13.11.2023 06:34:09.080 GMT-0800,54.403999999999996,54.346000000000004,0.012,0.012
13.11.2023 06:34:09.268 GMT-0800,54.394,54.346000000000004,0.012,0.012
13.11.2023 06:34:09.369 GMT-0800,54.394,54.36600000000001,0.012,0.012
13.11.2023 06:34:09.419 GMT-0800,54.403000000000006,54.367,0.012,0.012
13.11.2023 06:34:10.086 GMT-0800,54.403999999999996,54.346000000000004,0.012,0.012
13.11.2023 06:34:11.264 GMT-0800,54.394,54.356,0.012,0.012
13.11.2023 06:34:11.399 GMT-0800,54.424,54.36600000000001,0.012,0.012
13.11.2023 06:34:11.450 GMT-0800,54.423,54.377,0.012,0.012
13.11.2023 06:34:11.997 GMT-0800,54.424,54.386,0.012,0.012
13.11.2023 06:34:12.048 GMT-0800,54.443000000000005,54.387,0.012,0.012
13.11.2023 06:34:12.098 GMT-0800,54.433,54.387,0.012,0.012
13.11.2023 06:34:12.149 GMT-0800,54.443000000000005,54.387,0.012,0.012
13.11.2023 06:34:13.119 GMT-0800,54.434,54.386,0.012,0.012
13.11.2023 06:34:13.448 GMT-0800,54.443000000000005,54.407,0.012,0.012
13.11.2023 06:34:13.498 GMT-0800,54.443999999999996,54.39600000000001,0.012,0.012
13.11.2023 06:34:13.549 GMT-0800,54.443999999999996,54.386,0.012,0.012
13.11.2023 06:34:13.801 GMT-0800,54.443999999999996,54.406000000000006,0.012,0.012
13.11.2023 06:34:14.581 GMT-0800,54.434,54.406000000000006,0.012,0.012
13.11.2023 06:34:14.712 GMT-0800,54.443000000000005,54.387,0.012,0.012
13.11.2023 06:34:14.823 GMT-0800,54.433,54.387,0.012,0.012
13.11.2023 06:34:14.996 GMT-0800,54.443999999999996,54.386,0.012,0.012
13.11.2023 06:34:15.140 GMT-0800,54.443000000000005,54.377,0.012,0.012
13.11.2023 06:34:15.610 GMT-0800,54.424,54.376000000000005,0.012,0.012
13.11.2023 06:34:15.758 GMT-0800,54.403000000000006,54.377,0.012,0.012
13.11.2023 06:34:16.053 GMT-0800,54.424,54.376000000000005,0.012,0.012
13.11.2023 06:34:16.134 GMT-0800,54.413000000000004,54.377,0.012,0.012
13.11.2023 06:34:16.185 GMT-0800,54.424,54.376000000000005,0.012,0.012
13.11.2023 06:34:16.236 GMT-0800,54.413000000000004,54.377,0.012,0.012
13.11.2023 06:34:16.396 GMT-0800,54.424,54.376000000000005,0.012,0.012
13.11.2023 06:34:17.032 GMT-0800,54.403999999999996,54.376000000000005,0.012,0.012
13.11.2023 06:34:17.083 GMT-0800,54.424,54.376000000000005,0.012,0.012
13.11.2023 06:34:17.509 GMT-0800,54.413000000000004,54.377,0.012,0.012
13.11.2023 06:34:17.630 GMT-0800,54.423,54.387,0.012,0.012
13.11.2023 06:34:17.751 GMT-0800,54.424,54.36600000000001,0.012,0.012
13.11.2023 06:34:17.857 GMT-0800,54.424,54.386,0.012,0.012
13.11.2023 06:34:17.908 GMT-0800,54.443999999999996,54.386,0.012,0.012
13.11.2023 06:34:18.508 GMT-0800,54.443000000000005,54.367,0.012,0.012
13.11.2023 06:34:19.416 GMT-0800,54.413000000000004,54.367,0.012,0.012
13.11.2023 06:34:20.175 GMT-0800,54.403000000000006,54.367,0.012,0.012
13.11.2023 06:34:20.225 GMT-0800,54.413000000000004,54.367,0.012,0.012
13.11.2023 06:34:20.276 GMT-0800,54.403999999999996,54.36600000000001,0.012,0.012
13.11.2023 06:34:20.534 GMT-0800,54.403999999999996,54.346000000000004,0.012,0.012
13.11.2023 06:34:20.585 GMT-0800,54.413000000000004,54.347,0.012,0.012
13.11.2023 06:34:20.647 GMT-0800,54.393,54.347,0.012,0.012
13.11.2023 06:34:21.964 GMT-0800,54.383,54.336999999999996,0.012,0.012
13.11.2023 06:34:22.251 GMT-0800,54.394,54.346000000000004,0.012,0.012
13.11.2023 06:34:22.441 GMT-0800,54.373000000000005,54.347,0.012,0.012
13.11.2023 06:34:22.491 GMT-0800,54.393,54.347,0.012,0.012
13.11.2023 06:34:22.920 GMT-0800,54.384,54.346000000000004,0.012,0.012
13.11.2023 06:34:23.088 GMT-0800,54.393,54.347,0.012,0.012
13.11.2023 06:34:23.277 GMT-0800,54.383,54.347,0.012,0.012
13.11.2023 06:34:24.236 GMT-0800,54.394,54.346000000000004,0.012,0.012
13.11.2023 06:34:24.287 GMT-0800,54.413999999999994,54.376000000000005,0.012,0.012
13.11.2023 06:34:24.975 GMT-0800,54.413000000000004,54.367,0.012,0.012
13.11.2023 06:34:27.029 GMT-0800,54.393,54.347,0.012,0.012
13.11.2023 06:34:27.080 GMT-0800,54.403000000000006,54.347,0.012,0.012
13.11.2023 06:34:27.173 GMT-0800,54.393,54.347,0.012,0.012
13.11.2023 06:34:28.575 GMT-0800,54.373000000000005,54.347,0.012,0.012
13.11.2023 06:34:30.078 GMT-0800,54.373999999999995,54.32600000000001,0.012,0.012
13.11.2023 06:34:30.301 GMT-0800,54.394,54.32600000000001,0.012,0.012
13.11.2023 06:34:32.018 GMT-0800,54.393,54.347,0.012,0.012
13.11.2023 06:34:32.182 GMT-0800,54.383,54.347,0.012,0.012
13.11.2023 06:34:32.316 GMT-0800,54.413000000000004,54.377,0.012,0.012
13.11.2023 06:34:32.471 GMT-0800,54.413999999999994,54.36600000000001,0.012,0.012
13.11.2023 06:34:33.499 GMT-0800,54.423,54.387,0.012,0.012
13.11.2023 06:34:33.549 GMT-0800,54.424,54.376000000000005,0.012,0.012
13.11.2023 06:34:33.863 GMT-0800,54.423,54.387,0.012,0.012
13.11.2023 06:34:33.964 GMT-0800,54.424,54.376000000000005,0.012,0.012
13.11.2023 06:34:34.015 GMT-0800,54.433,54.377,0.012,0.012
13.11.2023 06:34:34.065 GMT-0800,54.433,54.387,0.012,0.012
13.11.2023 06:34:34.268 GMT-0800,54.443999999999996,54.386,0.012,0.012
13.11.2023 06:34:35.239 GMT-0800,54.413999999999994,54.386,0.012,0.012
13.11.2023 06:34:35.290 GMT-0800,54.423,54.377,0.012,0.012
13.11.2023 06:34:35.802 GMT-0800,54.423,54.387,0.012,0.012
13.11.2023 06:34:36.234 GMT-0800,54.423,54.377,0.012,0.012
13.11.2023 06:34:36.349 GMT-0800,54.423,54.367,0.012,0.012
13.11.2023 06:34:37.083 GMT-0800,54.413999999999994,54.36600000000001,0.012,0.012
13.11.2023 06:34:37.185 GMT-0800,54.423,54.367,0.012,0.012
13.11.2023 06:34:37.235 GMT-0800,54.413000000000004,54.367,0.012,0.012
13.11.2023 06:34:37.668 GMT-0800,54.423,54.367,0.012,0.012
13.11.2023 06:34:38.167 GMT-0800,54.393,54.357,0.012,0.012
13.11.2023 06:34:38.217 GMT-0800,54.403999999999996,54.346000000000004,0.012,0.012
13.11.2023 06:34:39.036 GMT-0800,54.383,54.347,0.012,0.012
13.11.2023 06:34:39.086 GMT-0800,54.384,54.32600000000001,0.012,0.012
13.11.2023 06:34:40.051 GMT-0800,54.383,54.347,0.012,0.012
13.11.2023 06:34:40.102 GMT-0800,54.394,54.346000000000004,0.012,0.012
13.11.2023 06:34:40.213 GMT-0800,54.403999999999996,54.346000000000004,0.012,0.012
13.11.2023 06:34:41.188 GMT-0800,54.373999999999995,54.346000000000004,0.012,0.012
13.11.2023 06:34:41.522 GMT-0800,54.373000000000005,54.327,0.012,0.012
13.11.2023 06:34:41.920 GMT-0800,54.384,54.32600000000001,0.012,0.012
13.11.2023 06:34:42.021 GMT-0800,54.364,54.32600000000001,0.012,0.012
13.11.2023 06:34:42.283 GMT-0800,54.363,54.317,0.012,0.012
13.11.2023 06:34:42.385 GMT-0800,54.394,54.36600000000001,0.012,0.012
13.11.2023 06:34:42.751 GMT-0800,54.403999999999996,54.36600000000001,0.012,0.012
13.11.2023 06:34:42.975 GMT-0800,54.394,54.36600000000001,0.012,0.012
13.11.2023 06:34:43.026 GMT-0800,54.403000000000006,54.367,0.012,0.012
13.11.2023 06:34:43.406 GMT-0800,54.394,54.36600000000001,0.012,0.012
13.11.2023 06:34:43.702 GMT-0800,54.403999999999996,54.36600000000001,0.012,0.012
13.11.2023 06:34:44.718 GMT-0800,54.423,54.367,0.012,0.012
13.11.2023 06:34:44.822 GMT-0800,54.423,54.377,0.012,0.012
13.11.2023 06:34:44.902 GMT-0800,54.424,54.36600000000001,0.012,0.012
13.11.2023 06:34:45.051 GMT-0800,54.424,54.376000000000005,0.012,0.012
13.11.2023 06:34:45.363 GMT-0800,54.423,54.367,0.012,0.012
13.11.2023 06:34:45.517 GMT-0800,54.413999999999994,54.36600000000001,0.012,0.012
13.11.2023 06:34:45.618 GMT-0800,54.413999999999994,54.386,0.012,0.012
13.11.2023 06:34:45.669 GMT-0800,54.424,54.386,0.012,0.012
13.11.2023 06:34:47.282 GMT-0800,54.413999999999994,54.386,0.012,0.012
13.11.2023 06:34:47.902 GMT-0800,54.424,54.386,0.012,0.012
13.11.2023 06:34:50.991 GMT-0800,54.413999999999994,54.386,0.012,0.012
13.11.2023 06:34:51.437 GMT-0800,54.403000000000006,54.387,0.012,0.012
13.11.2023 06:34:51.856 GMT-0800,54.424,54.39600000000001,0.012,0.012
13.11.2023 06:34:52.848 GMT-0800,54.423,54.387,0.012,0.012
13.11.2023 06:34:52.994 GMT-0800,54.403000000000006,54.357,0.012,0.012
13.11.2023 06:34:53.145 GMT-0800,54.403999999999996,54.36600000000001,0.012,0.012
13.11.2023 06:34:53.261 GMT-0800,54.403999999999996,54.356,0.012,0.012
13.11.2023 06:34:54.553 GMT-0800,54.403999999999996,54.36600000000001,0.012,0.012
13.11.2023 06:34:54.738 GMT-0800,54.423,54.367,0.012,0.012
13.11.2023 06:34:56.268 GMT-0800,54.423,54.377,0.012,0.012
13.11.2023 06:34:56.756 GMT-0800,54.424,54.36600000000001,0.012,0.012
13.11.2023 06:34:56.807 GMT-0800,54.403000000000006,54.357,0.012,0.012
13.11.2023 06:34:58.942 GMT-0800,54.394,54.356,0.012,0.012
13.11.2023 06:34:59.585 GMT-0800,54.403999999999996,54.356,0.012,0.012
13.11.2023 06:34:59.884 GMT-0800,54.383,54.357,0.012,0.012
13.11.2023 06:35:00.185 GMT-0800,54.373000000000005,54.336999999999996,0.012,0.012
13.11.2023 06:35:00.671 GMT-0800,54.383,54.347,0.012,0.012
13.11.2023 06:35:00.833 GMT-0800,54.383,54.327,0.012,0.012
13.11.2023 06:35:00.912 GMT-0800,54.373999999999995,54.32600000000001,0.012,0.012
13.11.2023 06:35:01.064 GMT-0800,54.364,54.32600000000001,0.012,0.012
13.11.2023 06:35:01.406 GMT-0800,54.343999999999994,54.316,0.012,0.012
13.11.2023 06:35:01.507 GMT-0800,54.354,54.316,0.012,0.012
13.11.2023 06:35:01.597 GMT-0800,54.343999999999994,54.316,0.012,0.012
13.11.2023 06:35:01.648 GMT-0800,54.353,54.317,0.012,0.012
13.11.2023 06:35:01.800 GMT-0800,54.363,54.317,0.012,0.012
13.11.2023 06:35:02.133 GMT-0800,54.354,54.316,0.012,0.012
13.11.2023 06:35:02.234 GMT-0800,54.354,54.32600000000001,0.012,0.012
13.11.2023 06:35:02.318 GMT-0800,54.353,54.317,0.012,0.012
13.11.2023 06:35:04.469 GMT-0800,54.353,54.327,0.012,0.012
13.11.2023 06:35:05.664 GMT-0800,54.353,54.317,0.012,0.012
13.11.2023 06:35:06.305 GMT-0800,54.343999999999994,54.316,0.012,0.012
13.11.2023 06:35:07.109 GMT-0800,54.354,54.316,0.012,0.012
13.11.2023 06:35:07.209 GMT-0800,54.343,54.317,0.012,0.012
13.11.2023 06:35:07.406 GMT-0800,54.333999999999996,54.306000000000004,0.012,0.012
13.11.2023 06:35:07.457 GMT-0800,54.343,54.307,0.012,0.012
13.11.2023 06:35:07.751 GMT-0800,54.343,54.317,0.012,0.012
13.11.2023 06:35:07.849 GMT-0800,54.343,54.307,0.012,0.012
13.11.2023 06:35:09.692 GMT-0800,54.333999999999996,54.29600000000001,0.012,0.012
13.11.2023 06:35:09.871 GMT-0800,54.303999999999995,54.276,0.012,0.012
13.11.2023 06:35:09.922 GMT-0800,54.324,54.266000000000005,0.012,0.012
13.11.2023 06:35:10.030 GMT-0800,54.323,54.297,0.012,0.012
13.11.2023 06:35:10.211 GMT-0800,54.333000000000006,54.297,0.012,0.012
13.11.2023 06:35:10.329 GMT-0800,54.323,54.297,0.012,0.012
13.11.2023 06:35:11.704 GMT-0800,54.333000000000006,54.297,0.012,0.012
13.11.2023 06:35:11.859 GMT-0800,54.323,54.297,0.012,0.012
13.11.2023 06:35:12.143 GMT-0800,54.324,54.276,0.012,0.012
13.11.2023 06:35:12.195 GMT-0800,54.313,54.266999999999996,0.012,0.012
13.11.2023 06:35:12.321 GMT-0800,54.324,54.286,0.012,0.012
13.11.2023 06:35:12.562 GMT-0800,54.324,54.266000000000005,0.012,0.012
13.11.2023 06:35:12.970 GMT-0800,54.324,54.286,0.012,0.012
13.11.2023 06:35:13.297 GMT-0800,54.303999999999995,54.266000000000005,0.012,0.012
13.11.2023 06:35:13.402 GMT-0800,54.314,54.276,0.012,0.012
13.11.2023 06:35:13.492 GMT-0800,54.323,54.277,0.012,0.012
13.11.2023 06:35:13.594 GMT-0800,54.324,54.266000000000005,0.012,0.012
13.11.2023 06:35:13.724 GMT-0800,54.324,54.276,0.012,0.012
13.11.2023 06:35:13.774 GMT-0800,54.324,54.266000000000005,0.012,0.012
13.11.2023 06:35:14.381 GMT-0800,54.323,54.277,0.012,0.012
13.11.2023 06:35:14.482 GMT-0800,54.324,54.266000000000005,0.012,0.012
13.11.2023 06:35:14.538 GMT-0800,54.314,54.266000000000005,0.012,0.012
13.11.2023 06:35:14.639 GMT-0800,54.324,54.276,0.012,0.012
13.11.2023 06:35:15.053 GMT-0800,54.323,54.266999999999996,0.012,0.012
13.11.2023 06:35:15.765 GMT-0800,54.323,54.277,0.012,0.012
13.11.2023 06:35:15.916 GMT-0800,54.324,54.266000000000005,0.012,0.012
13.11.2023 06:35:17.335 GMT-0800,54.324,54.276,0.012,0.012
13.11.2023 06:35:17.436 GMT-0800,54.333000000000006,54.287,0.012,0.012
13.11.2023 06:35:17.491 GMT-0800,54.343999999999994,54.286,0.012,0.012
13.11.2023 06:35:18.752 GMT-0800,54.324,54.286,0.012,0.012
13.11.2023 06:35:19.573 GMT-0800,54.324,54.266000000000005,0.012,0.012
13.11.2023 06:35:20.559 GMT-0800,54.324,54.276,0.012,0.012
13.11.2023 06:35:21.374 GMT-0800,54.323,54.266999999999996,0.012,0.012
13.11.2023 06:35:22.279 GMT-0800,54.303999999999995,54.246,0.012,0.012
13.11.2023 06:35:22.697 GMT-0800,54.323,54.266999999999996,0.012,0.012
13.11.2023 06:35:24.008 GMT-0800,54.303999999999995,54.246,0.012,0.012
13.11.2023 06:35:24.457 GMT-0800,54.303000000000004,54.257,0.012,0.012
13.11.2023 06:35:24.507 GMT-0800,54.303000000000004,54.247,0.012,0.012
13.11.2023 06:35:25.057 GMT-0800,54.303000000000004,54.257,0.012,0.012
13.11.2023 06:35:25.232 GMT-0800,54.283,54.247,0.012,0.012
13.11.2023 06:35:25.462 GMT-0800,54.284,54.25600000000001,0.012,0.012
13.11.2023 06:35:25.888 GMT-0800,54.294,54.266000000000005,0.012,0.012
13.11.2023 06:35:26.432 GMT-0800,54.303000000000004,54.266999999999996,0.012,0.012
13.11.2023 06:35:26.704 GMT-0800,54.303999999999995,54.25600000000001,0.012,0.012
13.11.2023 06:35:26.985 GMT-0800,54.303000000000004,54.247,0.012,0.012
13.11.2023 06:35:27.491 GMT-0800,54.303999999999995,54.25600000000001,0.012,0.012
13.11.2023 06:35:27.972 GMT-0800,54.303000000000004,54.247,0.012,0.012
13.11.2023 06:35:28.024 GMT-0800,54.313,54.266999999999996,0.012,0.012
13.11.2023 06:35:28.165 GMT-0800,54.303999999999995,54.266000000000005,0.012,0.012
13.11.2023 06:35:28.527 GMT-0800,54.324,54.266000000000005,0.012,0.012
13.11.2023 06:35:29.032 GMT-0800,54.324,54.276,0.012,0.012
13.11.2023 06:35:29.459 GMT-0800,54.333000000000006,54.297,0.012,0.012
13.11.2023 06:35:30.228 GMT-0800,54.333999999999996,54.306000000000004,0.012,0.012
13.11.2023 06:35:30.666 GMT-0800,54.333999999999996,54.29600000000001,0.012,0.012
13.11.2023 06:35:30.767 GMT-0800,54.333000000000006,54.307,0.012,0.012
13.11.2023 06:35:31.478 GMT-0800,54.343,54.307,0.012,0.012
13.11.2023 06:35:31.529 GMT-0800,54.354,54.32600000000001,0.012,0.012
13.11.2023 06:35:32.739 GMT-0800,54.353,54.317,0.012,0.012
13.11.2023 06:35:32.789 GMT-0800,54.353,54.327,0.012,0.012
13.11.2023 06:35:33.230 GMT-0800,54.384,54.336000000000006,0.012,0.012
13.11.2023 06:35:33.281 GMT-0800,54.384,54.356,0.012,0.012
13.11.2023 06:35:34.258 GMT-0800,54.384,54.336000000000006,0.012,0.012
13.11.2023 06:35:34.454 GMT-0800,54.373000000000005,54.347,0.012,0.012
13.11.2023 06:35:34.504 GMT-0800,54.384,54.336000000000006,0.012,0.012
13.11.2023 06:35:34.555 GMT-0800,54.373999999999995,54.336000000000006,0.012,0.012
13.11.2023 06:35:35.287 GMT-0800,54.384,54.336000000000006,0.012,0.012
13.11.2023 06:35:35.648 GMT-0800,54.373000000000005,54.336999999999996,0.012,0.012
13.11.2023 06:35:35.895 GMT-0800,54.384,54.336000000000006,0.012,0.012
13.11.2023 06:35:36.052 GMT-0800,54.373999999999995,54.336000000000006,0.012,0.012
13.11.2023 06:35:36.275 GMT-0800,54.384,54.336000000000006,0.012,0.012
13.11.2023 06:35:36.354 GMT-0800,54.373000000000005,54.336999999999996,0.012,0.012
13.11.2023 06:35:36.455 GMT-0800,54.383,54.336999999999996,0.012,0.012
13.11.2023 06:35:36.526 GMT-0800,54.364,54.336000000000006,0.012,0.012
13.11.2023 06:35:37.445 GMT-0800,54.363,54.327,0.012,0.012
13.11.2023 06:35:37.546 GMT-0800,54.384,54.32600000000001,0.012,0.012
13.11.2023 06:35:37.610 GMT-0800,54.364,54.316,0.012,0.012
13.11.2023 06:35:38.171 GMT-0800,54.363,54.307,0.012,0.012
13.11.2023 06:35:38.222 GMT-0800,54.363,54.317,0.012,0.012
13.11.2023 06:35:38.323 GMT-0800,54.363,54.307,0.012,0.012
13.11.2023 06:35:38.374 GMT-0800,54.354,54.306000000000004,0.012,0.012
13.11.2023 06:35:38.637 GMT-0800,54.364,54.32600000000001,0.012,0.012
13.11.2023 06:35:38.965 GMT-0800,54.363,54.307,0.012,0.012
13.11.2023 06:35:39.036 GMT-0800,54.354,54.306000000000004,0.012,0.012
13.11.2023 06:35:39.973 GMT-0800,54.364,54.306000000000004,0.012,0.012
13.11.2023 06:35:40.352 GMT-0800,54.343,54.307,0.012,0.012
13.11.2023 06:35:42.811 GMT-0800,54.353,54.317,0.012,0.012
13.11.2023 06:35:42.864 GMT-0800,54.363,54.307,0.012,0.012
13.11.2023 06:35:43.527 GMT-0800,54.354,54.316,0.012,0.012
13.11.2023 06:35:43.628 GMT-0800,54.343,54.297,0.012,0.012
13.11.2023 06:35:44.191 GMT-0800,54.343999999999994,54.306000000000004,0.012,0.012
13.11.2023 06:35:44.242 GMT-0800,54.343999999999994,54.29600000000001,0.012,0.012
13.11.2023 06:35:44.327 GMT-0800,54.343,54.307,0.012,0.012
13.11.2023 06:35:44.488 GMT-0800,54.333000000000006,54.297,0.012,0.012
13.11.2023 06:35:44.686 GMT-0800,54.333999999999996,54.306000000000004,0.012,0.012
13.11.2023 06:35:44.736 GMT-0800,54.333999999999996,54.29600000000001,0.012,0.012
13.11.2023 06:35:45.068 GMT-0800,54.333999999999996,54.306000000000004,0.012,0.012
13.11.2023 06:35:45.535 GMT-0800,54.333000000000006,54.297,0.012,0.012
13.11.2023 06:35:45.773 GMT-0800,54.324,54.29600000000001,0.012,0.012
13.11.2023 06:35:45.924 GMT-0800,54.314,54.276,0.012,0.012
13.11.2023 06:35:45.975 GMT-0800,54.323,54.277,0.012,0.012
13.11.2023 06:35:46.026 GMT-0800,54.323,54.266999999999996,0.012,0.012
13.11.2023 06:35:46.528 GMT-0800,54.313,54.277,0.012,0.012
13.11.2023 06:35:46.579 GMT-0800,54.314,54.266000000000005,0.012,0.012
13.11.2023 06:35:46.774 GMT-0800,54.323,54.266999999999996,0.012,0.012
13.11.2023 06:35:47.358 GMT-0800,54.313,54.266999999999996,0.012,0.012
13.11.2023 06:35:47.735 GMT-0800,54.324,54.276,0.012,0.012
13.11.2023 06:35:48.010 GMT-0800,54.324,54.266000000000005,0.012,0.012
13.11.2023 06:35:49.259 GMT-0800,54.323,54.277,0.012,0.012
13.11.2023 06:35:49.818 GMT-0800,54.323,54.266999999999996,0.012,0.012
13.11.2023 06:35:51.738 GMT-0800,54.323,54.277,0.012,0.012
13.11.2023 06:35:51.976 GMT-0800,54.324,54.286,0.012,0.012
13.11.2023 06:35:52.077 GMT-0800,54.323,54.277,0.012,0.012
13.11.2023 06:35:52.223 GMT-0800,54.313,54.277,0.012,0.012
13.11.2023 06:35:52.532 GMT-0800,54.303999999999995,54.276,0.012,0.012
13.11.2023 06:35:52.583 GMT-0800,54.303999999999995,54.266000000000005,0.012,0.012
13.11.2023 06:35:52.817 GMT-0800,54.314,54.276,0.012,0.012
13.11.2023 06:35:52.927 GMT-0800,54.324,54.276,0.012,0.012
13.11.2023 06:35:53.102 GMT-0800,54.323,54.266999999999996,0.012,0.012
13.11.2023 06:35:53.174 GMT-0800,54.323,54.277,0.012,0.012
13.11.2023 06:35:53.225 GMT-0800,54.323,54.266999999999996,0.012,0.012
13.11.2023 06:35:53.695 GMT-0800,54.314,54.266000000000005,0.012,0.012
13.11.2023 06:35:53.796 GMT-0800,54.323,54.266999999999996,0.012,0.012
13.11.2023 06:35:54.009 GMT-0800,54.314,54.266000000000005,0.012,0.012
13.11.2023 06:35:54.844 GMT-0800,54.303999999999995,54.266000000000005,0.012,0.012
13.11.2023 06:35:55.639 GMT-0800,54.293000000000006,54.247,0.012,0.012
13.11.2023 06:35:55.740 GMT-0800,54.294,54.266000000000005,0.012,0.012
13.11.2023 06:35:55.876 GMT-0800,54.284,54.266000000000005,0.012,0.012
13.11.2023 06:35:56.016 GMT-0800,54.303000000000004,54.266999999999996,0.012,0.012
13.11.2023 06:35:56.242 GMT-0800,54.313,54.277,0.012,0.012
13.11.2023 06:35:56.293 GMT-0800,54.313,54.266999999999996,0.012,0.012
13.11.2023 06:35:56.944 GMT-0800,54.323,54.266999999999996,0.012,0.012
13.11.2023 06:35:56.995 GMT-0800,54.324,54.286,0.012,0.012
13.11.2023 06:35:57.370 GMT-0800,54.323,54.257,0.012,0.012
13.11.2023 06:35:57.506 GMT-0800,54.323,54.247,0.012,0.012
13.11.2023 06:35:58.845 GMT-0800,54.293000000000006,54.257,0.012,0.012
13.11.2023 06:35:59.384 GMT-0800,54.283,54.247,0.012,0.012
13.11.2023 06:35:59.716 GMT-0800,54.283,54.257,0.012,0.012
13.11.2023 06:35:59.770 GMT-0800,54.283,54.247,0.012,0.012
13.11.2023 06:36:00.137 GMT-0800,54.273,54.247,0.012,0.012
13.11.2023 06:36:00.358 GMT-0800,54.284,54.246,0.012,0.012
13.11.2023 06:36:00.560 GMT-0800,54.273,54.247,0.012,0.012
13.11.2023 06:36:00.611 GMT-0800,54.284,54.246,0.012,0.012
13.11.2023 06:36:00.805 GMT-0800,54.274,54.246,0.012,0.012
13.11.2023 06:36:00.856 GMT-0800,54.284,54.246,0.012,0.012
13.11.2023 06:36:01.072 GMT-0800,54.293000000000006,54.247,0.012,0.012
13.11.2023 06:36:01.122 GMT-0800,54.274,54.246,0.012,0.012
13.11.2023 06:36:02.378 GMT-0800,54.303999999999995,54.266000000000005,0.012,0.012
13.11.2023 06:36:02.758 GMT-0800,54.303000000000004,54.257,0.012,0.012
13.11.2023 06:36:02.809 GMT-0800,54.303000000000004,54.247,0.012,0.012
13.11.2023 06:36:02.859 GMT-0800,54.303999999999995,54.266000000000005,0.012,0.012
13.11.2023 06:36:03.276 GMT-0800,54.323,54.266999999999996,0.012,0.012
13.11.2023 06:36:03.429 GMT-0800,54.303000000000004,54.266999999999996,0.012,0.012
13.11.2023 06:36:03.993 GMT-0800,54.294,54.25600000000001,0.012,0.012
13.11.2023 06:36:04.044 GMT-0800,54.294,54.246,0.012,0.012
13.11.2023 06:36:04.226 GMT-0800,54.303000000000004,54.247,0.012,0.012
13.11.2023 06:36:04.277 GMT-0800,54.293000000000006,54.247,0.012,0.012
13.11.2023 06:36:04.327 GMT-0800,54.303999999999995,54.246,0.012,0.012
13.11.2023 06:36:05.986 GMT-0800,54.303999999999995,54.266000000000005,0.012,0.012
13.11.2023 06:36:06.400 GMT-0800,54.303000000000004,54.247,0.012,0.012
13.11.2023 06:36:06.717 GMT-0800,54.284,54.246,0.012,0.012
13.11.2023 06:36:08.745 GMT-0800,54.284,54.226000000000006,0.012,0.012
13.11.2023 06:36:08.795 GMT-0800,54.253,54.217,0.012,0.012
13.11.2023 06:36:08.895 GMT-0800,54.253,54.207,0.012,0.012
13.11.2023 06:36:08.946 GMT-0800,54.254,54.21600000000001,0.012,0.012
13.11.2023 06:36:08.996 GMT-0800,54.254,54.206,0.012,0.012
13.11.2023 06:36:09.129 GMT-0800,54.253,54.217,0.012,0.012
13.11.2023 06:36:09.254 GMT-0800,54.263000000000005,54.217,0.012,0.012
13.11.2023 06:36:09.305 GMT-0800,54.263999999999996,54.206,0.012,0.012
13.11.2023 06:36:09.601 GMT-0800,54.243,54.207,0.012,0.012
13.11.2023 06:36:09.702 GMT-0800,54.254,54.206,0.012,0.012
13.11.2023 06:36:09.823 GMT-0800,54.263000000000005,54.207,0.012,0.012
13.11.2023 06:36:09.874 GMT-0800,54.244,54.206,0.012,0.012
13.11.2023 06:36:09.924 GMT-0800,54.263999999999996,54.206,0.012,0.012
13.11.2023 06:36:10.711 GMT-0800,54.243,54.197,0.012,0.012
13.11.2023 06:36:10.812 GMT-0800,54.233999999999995,54.206,0.012,0.012
13.11.2023 06:36:10.862 GMT-0800,54.243,54.207,0.012,0.012
13.11.2023 06:36:11.775 GMT-0800,54.254,54.206,0.012,0.012
13.11.2023 06:36:12.613 GMT-0800,54.243,54.207,0.012,0.012
13.11.2023 06:36:12.664 GMT-0800,54.244,54.196000000000005,0.012,0.012
13.11.2023 06:36:12.715 GMT-0800,54.243,54.207,0.012,0.012
13.11.2023 06:36:13.883 GMT-0800,54.244,54.18600000000001,0.012,0.012
13.11.2023 06:36:15.883 GMT-0800,54.243,54.207,0.012,0.012
13.11.2023 06:36:15.984 GMT-0800,54.263999999999996,54.236000000000004,0.012,0.012
13.11.2023 06:36:16.034 GMT-0800,54.284,54.236000000000004,0.012,0.012
13.11.2023 06:36:16.597 GMT-0800,54.263999999999996,54.236000000000004,0.012,0.012
13.11.2023 06:36:16.777 GMT-0800,54.263000000000005,54.227,0.012,0.012
13.11.2023 06:36:16.878 GMT-0800,54.263000000000005,54.217,0.012,0.012
13.11.2023 06:36:16.929 GMT-0800,54.263999999999996,54.206,0.012,0.012
13.11.2023 06:36:17.254 GMT-0800,54.263999999999996,54.226000000000006,0.012,0.012
13.11.2023 06:36:17.494 GMT-0800,54.284,54.226000000000006,0.012,0.012
13.11.2023 06:36:17.708 GMT-0800,54.273,54.247,0.012,0.012
13.11.2023 06:36:17.759 GMT-0800,54.284,54.246,0.012,0.012
13.11.2023 06:36:18.117 GMT-0800,54.284,54.236000000000004,0.012,0.012
13.11.2023 06:36:19.254 GMT-0800,54.294,54.246,0.012,0.012
13.11.2023 06:36:19.366 GMT-0800,54.293000000000006,54.257,0.012,0.012
13.11.2023 06:36:19.646 GMT-0800,54.303999999999995,54.25600000000001,0.012,0.012
13.11.2023 06:36:19.720 GMT-0800,54.303999999999995,54.246,0.012,0.012
13.11.2023 06:36:19.773 GMT-0800,54.293000000000006,54.247,0.012,0.012
13.11.2023 06:36:19.824 GMT-0800,54.303999999999995,54.246,0.012,0.012
13.11.2023 06:36:21.742 GMT-0800,54.303000000000004,54.257,0.012,0.012
13.11.2023 06:36:21.843 GMT-0800,54.303000000000004,54.277,0.012,0.012
13.11.2023 06:36:22.537 GMT-0800,54.324,54.276,0.012,0.012
13.11.2023 06:36:24.040 GMT-0800,54.303999999999995,54.276,0.012,0.012
13.11.2023 06:36:24.091 GMT-0800,54.303999999999995,54.266000000000005,0.012,0.012
13.11.2023 06:36:24.142 GMT-0800,54.303000000000004,54.257,0.012,0.012
13.11.2023 06:36:25.145 GMT-0800,54.303999999999995,54.266000000000005,0.012,0.012
13.11.2023 06:36:25.233 GMT-0800,54.303000000000004,54.257,0.012,0.012
13.11.2023 06:36:25.743 GMT-0800,54.303000000000004,54.266999999999996,0.012,0.012
13.11.2023 06:36:26.562 GMT-0800,54.313,54.266999999999996,0.012,0.012
13.11.2023 06:36:26.821 GMT-0800,54.323,54.266999999999996,0.012,0.012
13.11.2023 06:36:27.675 GMT-0800,54.313,54.266999999999996,0.012,0.012
13.11.2023 06:36:27.725 GMT-0800,54.323,54.266999999999996,0.012,0.012
13.11.2023 06:36:28.858 GMT-0800,54.314,54.266000000000005,0.012,0.012
13.11.2023 06:36:28.908 GMT-0800,54.323,54.266999999999996,0.012,0.012
13.11.2023 06:36:29.829 GMT-0800,54.324,54.276,0.012,0.012
13.11.2023 06:36:30.110 GMT-0800,54.323,54.287,0.012,0.012
13.11.2023 06:36:30.160 GMT-0800,54.323,54.277,0.012,0.012
13.11.2023 06:36:30.224 GMT-0800,54.323,54.287,0.012,0.012
13.11.2023 06:36:30.275 GMT-0800,54.333000000000006,54.287,0.012,0.012
13.11.2023 06:36:30.650 GMT-0800,54.333999999999996,54.29600000000001,0.012,0.012
13.11.2023 06:36:30.701 GMT-0800,54.333999999999996,54.286,0.012,0.012
13.11.2023 06:36:30.776 GMT-0800,54.324,54.286,0.012,0.012
13.11.2023 06:36:30.929 GMT-0800,54.333999999999996,54.286,0.012,0.012
13.11.2023 06:36:32.196 GMT-0800,54.323,54.266999999999996,0.012,0.012
13.11.2023 06:36:32.425 GMT-0800,54.323,54.287,0.012,0.012
13.11.2023 06:36:32.476 GMT-0800,54.323,54.266999999999996,0.012,0.012
13.11.2023 06:36:33.058 GMT-0800,54.313,54.266999999999996,0.012,0.012
13.11.2023 06:36:33.108 GMT-0800,54.333000000000006,54.266999999999996,0.012,0.012
13.11.2023 06:36:33.209 GMT-0800,54.324,54.266000000000005,0.012,0.012
13.11.2023 06:36:33.350 GMT-0800,54.324,54.286,0.012,0.012
13.11.2023 06:36:33.628 GMT-0800,54.333999999999996,54.286,0.012,0.012
13.11.2023 06:36:33.729 GMT-0800,54.323,54.287,0.012,0.012
13.11.2023 06:36:34.049 GMT-0800,54.323,54.297,0.012,0.012
13.11.2023 06:36:34.100 GMT-0800,54.323,54.287,0.012,0.012
13.11.2023 06:36:34.225 GMT-0800,54.324,54.266000000000005,0.012,0.012
13.11.2023 06:36:34.283 GMT-0800,54.323,54.287,0.012,0.012
13.11.2023 06:36:34.926 GMT-0800,54.323,54.266999999999996,0.012,0.012
13.11.2023 06:36:35.006 GMT-0800,54.313,54.266999999999996,0.012,0.012
13.11.2023 06:36:35.056 GMT-0800,54.324,54.266000000000005,0.012,0.012
13.11.2023 06:36:35.123 GMT-0800,54.303000000000004,54.266999999999996,0.012,0.012
13.11.2023 06:36:35.223 GMT-0800,54.324,54.276,0.012,0.012
13.11.2023 06:36:35.292 GMT-0800,54.314,54.276,0.012,0.012
13.11.2023 06:36:35.422 GMT-0800,54.314,54.266000000000005,0.012,0.012
13.11.2023 06:36:35.473 GMT-0800,54.324,54.266000000000005,0.012,0.012
13.11.2023 06:36:35.524 GMT-0800,54.313,54.266999999999996,0.012,0.012
13.11.2023 06:36:35.625 GMT-0800,54.323,54.266999999999996,0.012,0.012
13.11.2023 06:36:35.683 GMT-0800,54.314,54.266000000000005,0.012,0.012
13.11.2023 06:36:36.258 GMT-0800,54.323,54.266999999999996,0.012,0.012
13.11.2023 06:36:37.059 GMT-0800,54.324,54.276,0.012,0.012
13.11.2023 06:36:37.159 GMT-0800,54.324,54.266000000000005,0.012,0.012
13.11.2023 06:36:37.217 GMT-0800,54.303999999999995,54.266000000000005,0.012,0.012
13.11.2023 06:36:37.267 GMT-0800,54.313,54.266999999999996,0.012,0.012
13.11.2023 06:36:37.318 GMT-0800,54.303000000000004,54.266999999999996,0.012,0.012
13.11.2023 06:36:38.185 GMT-0800,54.323,54.266999999999996,0.012,0.012
13.11.2023 06:36:40.490 GMT-0800,54.323,54.257,0.012,0.012
13.11.2023 06:36:40.772 GMT-0800,54.323,54.266999999999996,0.012,0.012
13.11.2023 06:36:41.454 GMT-0800,54.323,54.257,0.012,0.012
13.11.2023 06:36:41.604 GMT-0800,54.303000000000004,54.247,0.012,0.012
13.11.2023 06:36:42.202 GMT-0800,54.283,54.247,0.012,0.012
13.11.2023 06:36:42.518 GMT-0800,54.284,54.25600000000001,0.012,0.012
13.11.2023 06:36:42.568 GMT-0800,54.303000000000004,54.257,0.012,0.012
13.11.2023 06:36:42.619 GMT-0800,54.293000000000006,54.257,0.012,0.012
13.11.2023 06:36:42.857 GMT-0800,54.293000000000006,54.247,0.012,0.012
13.11.2023 06:36:43.039 GMT-0800,54.293000000000006,54.257,0.012,0.012
13.11.2023 06:36:43.089 GMT-0800,54.294,54.246,0.012,0.012
13.11.2023 06:36:43.164 GMT-0800,54.283,54.247,0.012,0.012
13.11.2023 06:36:43.949 GMT-0800,54.303000000000004,54.247,0.012,0.012
13.11.2023 06:36:43.999 GMT-0800,54.313,54.266999999999996,0.012,0.012
13.11.2023 06:36:44.121 GMT-0800,54.294,54.246,0.012,0.012
13.11.2023 06:36:44.172 GMT-0800,54.303000000000004,54.247,0.012,0.012
13.11.2023 06:36:44.926 GMT-0800,54.303999999999995,54.25600000000001,0.012,0.012
13.11.2023 06:36:45.142 GMT-0800,54.284,54.246,0.012,0.012
13.11.2023 06:36:45.243 GMT-0800,54.273,54.247,0.012,0.012
13.11.2023 06:36:45.343 GMT-0800,54.273,54.227,0.012,0.012
13.11.2023 06:36:45.394 GMT-0800,54.263000000000005,54.227,0.012,0.012
13.11.2023 06:36:45.652 GMT-0800,54.253,54.207,0.012,0.012
13.11.2023 06:36:45.702 GMT-0800,54.254,54.21600000000001,0.012,0.012
13.11.2023 06:36:46.028 GMT-0800,54.273,54.227,0.012,0.012
13.11.2023 06:36:46.079 GMT-0800,54.263000000000005,54.227,0.012,0.012
13.11.2023 06:36:47.045 GMT-0800,54.283,54.227,0.012,0.012
13.11.2023 06:36:47.151 GMT-0800,54.283,54.237,0.012,0.012
13.11.2023 06:36:47.365 GMT-0800,54.263999999999996,54.236000000000004,0.012,0.012
13.11.2023 06:36:47.416 GMT-0800,54.284,54.226000000000006,0.012,0.012
13.11.2023 06:36:47.491 GMT-0800,54.263000000000005,54.227,0.012,0.012
13.11.2023 06:36:47.790 GMT-0800,54.274,54.226000000000006,0.012,0.012
13.11.2023 06:36:47.840 GMT-0800,54.263000000000005,54.227,0.012,0.012
13.11.2023 06:36:48.911 GMT-0800,54.283,54.237,0.012,0.012
13.11.2023 06:36:48.962 GMT-0800,54.263000000000005,54.227,0.012,0.012
13.11.2023 06:36:49.057 GMT-0800,54.283,54.227,0.012,0.012
13.11.2023 06:36:50.326 GMT-0800,54.284,54.246,0.012,0.012
13.11.2023 06:36:50.707 GMT-0800,54.284,54.226000000000006,0.012,0.012
13.11.2023 06:36:50.766 GMT-0800,54.284,54.236000000000004,0.012,0.012
13.11.2023 06:36:50.931 GMT-0800,54.283,54.247,0.012,0.012
13.11.2023 06:36:51.261 GMT-0800,54.284,54.25600000000001,0.012,0.012
13.11.2023 06:36:51.912 GMT-0800,54.284,54.246,0.012,0.012
13.11.2023 06:36:52.720 GMT-0800,54.283,54.257,0.012,0.012
13.11.2023 06:36:53.043 GMT-0800,54.314,54.266000000000005,0.012,0.012
13.11.2023 06:36:53.104 GMT-0800,54.303000000000004,54.266999999999996,0.012,0.012
13.11.2023 06:36:53.154 GMT-0800,54.323,54.277,0.012,0.012
13.11.2023 06:36:53.205 GMT-0800,54.313,54.277,0.012,0.012
13.11.2023 06:36:53.255 GMT-0800,54.323,54.277,0.012,0.012
13.11.2023 06:36:53.512 GMT-0800,54.323,54.266999999999996,0.012,0.012
13.11.2023 06:36:53.896 GMT-0800,54.303999999999995,54.266000000000005,0.012,0.012
13.11.2023 06:36:54.165 GMT-0800,54.303000000000004,54.247,0.012,0.012
13.11.2023 06:36:54.216 GMT-0800,54.303999999999995,54.266000000000005,0.012,0.012
13.11.2023 06:36:54.349 GMT-0800,54.293000000000006,54.247,0.012,0.012
13.11.2023 06:36:54.400 GMT-0800,54.283,54.247,0.012,0.012
13.11.2023 06:36:54.450 GMT-0800,54.294,54.246,0.012,0.012
13.11.2023 06:36:54.506 GMT-0800,54.294,54.25600000000001,0.012,0.012
13.11.2023 06:36:54.608 GMT-0800,54.284,54.25600000000001,0.012,0.012
13.11.2023 06:36:55.024 GMT-0800,54.283,54.247,0.012,0.012
13.11.2023 06:36:56.979 GMT-0800,54.303000000000004,54.266999999999996,0.012,0.012
13.11.2023 06:36:57.109 GMT-0800,54.293000000000006,54.266999999999996,0.012,0.012
13.11.2023 06:36:57.232 GMT-0800,54.294,54.246,0.012,0.012
13.11.2023 06:36:57.883 GMT-0800,54.293000000000006,54.266999999999996,0.012,0.012
13.11.2023 06:36:57.934 GMT-0800,54.294,54.246,0.012,0.012
13.11.2023 06:36:58.301 GMT-0800,54.294,54.266000000000005,0.012,0.012
13.11.2023 06:36:58.484 GMT-0800,54.293000000000006,54.247,0.012,0.012
13.11.2023 06:36:58.657 GMT-0800,54.293000000000006,54.266999999999996,0.012,0.012
13.11.2023 06:36:58.917 GMT-0800,54.293000000000006,54.247,0.012,0.012
13.11.2023 06:36:59.737 GMT-0800,54.293000000000006,54.266999999999996,0.012,0.012
13.11.2023 06:36:59.876 GMT-0800,54.293000000000006,54.247,0.012,0.012
13.11.2023 06:37:00.124 GMT-0800,54.283,54.247,0.012,0.012
13.11.2023 06:37:00.175 GMT-0800,54.294,54.246,0.012,0.012
13.11.2023 06:37:00.272 GMT-0800,54.284,54.246,0.012,0.012
13.11.2023 06:37:00.463 GMT-0800,54.283,54.227,0.012,0.012
13.11.2023 06:37:00.558 GMT-0800,54.273,54.227,0.012,0.012
13.11.2023 06:37:01.741 GMT-0800,54.263999999999996,54.226000000000006,0.012,0.012
13.11.2023 06:37:02.080 GMT-0800,54.293000000000006,54.247,0.012,0.012
13.11.2023 06:37:02.131 GMT-0800,54.273,54.237,0.012,0.012
13.11.2023 06:37:02.232 GMT-0800,54.283,54.237,0.012,0.012
13.11.2023 06:37:02.601 GMT-0800,54.284,54.226000000000006,0.012,0.012
13.11.2023 06:37:02.710 GMT-0800,54.274,54.226000000000006,0.012,0.012
13.11.2023 06:37:03.169 GMT-0800,54.283,54.227,0.012,0.012
13.11.2023 06:37:03.463 GMT-0800,54.294,54.246,0.012,0.012
13.11.2023 06:37:03.564 GMT-0800,54.284,54.246,0.012,0.012
13.11.2023 06:37:04.425 GMT-0800,54.283,54.227,0.012,0.012
13.11.2023 06:37:05.420 GMT-0800,54.293000000000006,54.227,0.012,0.012
13.11.2023 06:37:09.209 GMT-0800,54.294,54.25600000000001,0.012,0.012
13.11.2023 06:37:09.575 GMT-0800,54.294,54.246,0.012,0.012
13.11.2023 06:37:09.659 GMT-0800,54.284,54.246,0.012,0.012
13.11.2023 06:37:10.151 GMT-0800,54.293000000000006,54.247,0.012,0.012
13.11.2023 06:37:10.201 GMT-0800,54.283,54.247,0.012,0.012
13.11.2023 06:37:10.277 GMT-0800,54.293000000000006,54.247,0.012,0.012
13.11.2023 06:37:10.328 GMT-0800,54.284,54.246,0.012,0.012
13.11.2023 06:37:10.398 GMT-0800,54.284,54.226000000000006,0.012,0.012
13.11.2023 06:37:10.550 GMT-0800,54.274,54.226000000000006,0.012,0.012
13.11.2023 06:37:10.833 GMT-0800,54.284,54.226000000000006,0.012,0.012
13.11.2023 06:37:11.418 GMT-0800,54.274,54.226000000000006,0.012,0.012
13.11.2023 06:37:11.532 GMT-0800,54.284,54.246,0.012,0.012
13.11.2023 06:37:11.583 GMT-0800,54.284,54.226000000000006,0.012,0.012
13.11.2023 06:37:11.633 GMT-0800,54.273,54.227,0.012,0.012
13.11.2023 06:37:11.764 GMT-0800,54.284,54.246,0.012,0.012
13.11.2023 06:37:11.815 GMT-0800,54.274,54.226000000000006,0.012,0.012
13.11.2023 06:37:11.869 GMT-0800,54.284,54.226000000000006,0.012,0.012
13.11.2023 06:37:12.006 GMT-0800,54.273,54.227,0.012,0.012
13.11.2023 06:37:12.056 GMT-0800,54.283,54.227,0.012,0.012
13.11.2023 06:37:12.107 GMT-0800,54.283,54.247,0.012,0.012
13.11.2023 06:37:12.157 GMT-0800,54.283,54.237,0.012,0.012
13.11.2023 06:37:12.209 GMT-0800,54.274,54.226000000000006,0.012,0.012
13.11.2023 06:37:12.259 GMT-0800,54.284,54.226000000000006,0.012,0.012
13.11.2023 06:37:12.590 GMT-0800,54.263999999999996,54.226000000000006,0.012,0.012
13.11.2023 06:37:12.691 GMT-0800,54.283,54.227,0.012,0.012
13.11.2023 06:37:12.792 GMT-0800,54.274,54.226000000000006,0.012,0.012
13.11.2023 06:37:12.843 GMT-0800,54.284,54.226000000000006,0.012,0.012
13.11.2023 06:37:12.894 GMT-0800,54.263000000000005,54.227,0.012,0.012
13.11.2023 06:37:13.095 GMT-0800,54.274,54.226000000000006,0.012,0.012
13.11.2023 06:37:13.146 GMT-0800,54.284,54.226000000000006,0.012,0.012
13.11.2023 06:37:14.101 GMT-0800,54.253,54.207,0.012,0.012
13.11.2023 06:37:14.152 GMT-0800,54.244,54.206,0.012,0.012
13.11.2023 06:37:14.530 GMT-0800,54.254,54.206,0.012,0.012
13.11.2023 06:37:14.963 GMT-0800,54.244,54.18600000000001,0.012,0.012
13.11.2023 06:37:15.179 GMT-0800,54.244,54.206,0.012,0.012
13.11.2023 06:37:15.295 GMT-0800,54.233000000000004,54.187,0.012,0.012
13.11.2023 06:37:15.451 GMT-0800,54.244,54.18600000000001,0.012,0.012
13.11.2023 06:37:15.706 GMT-0800,54.223000000000006,54.187,0.012,0.012
13.11.2023 06:37:15.807 GMT-0800,54.193999999999996,54.166000000000004,0.012,0.012
13.11.2023 06:37:16.063 GMT-0800,54.193000000000005,54.157,0.012,0.012
13.11.2023 06:37:16.323 GMT-0800,54.193000000000005,54.167,0.012,0.012
13.11.2023 06:37:18.536 GMT-0800,54.193999999999996,54.156000000000006,0.012,0.012
13.11.2023 06:37:18.648 GMT-0800,54.193999999999996,54.166000000000004,0.012,0.012
13.11.2023 06:37:19.185 GMT-0800,54.193999999999996,54.156000000000006,0.012,0.012
13.11.2023 06:37:19.440 GMT-0800,54.193000000000005,54.147,0.012,0.012
13.11.2023 06:37:19.491 GMT-0800,54.193999999999996,54.156000000000006,0.012,0.012
13.11.2023 06:37:19.855 GMT-0800,54.193000000000005,54.147,0.012,0.012
13.11.2023 06:37:20.840 GMT-0800,54.193999999999996,54.156000000000006,0.012,0.012
13.11.2023 06:37:21.367 GMT-0800,54.193000000000005,54.167,0.012,0.012
13.11.2023 06:37:22.288 GMT-0800,54.193999999999996,54.156000000000006,0.012,0.012
13.11.2023 06:37:22.633 GMT-0800,54.193999999999996,54.166000000000004,0.012,0.012
13.11.2023 06:37:23.076 GMT-0800,54.193000000000005,54.157,0.012,0.012
13.11.2023 06:37:24.041 GMT-0800,54.193999999999996,54.14600000000001,0.012,0.012
13.11.2023 06:37:24.118 GMT-0800,54.183,54.147,0.012,0.012
13.11.2023 06:37:24.198 GMT-0800,54.193999999999996,54.14600000000001,0.012,0.012
13.11.2023 06:37:24.305 GMT-0800,54.184,54.14600000000001,0.012,0.012
13.11.2023 06:37:24.422 GMT-0800,54.193000000000005,54.147,0.012,0.012
13.11.2023 06:37:24.825 GMT-0800,54.184,54.14600000000001,0.012,0.012
13.11.2023 06:37:24.922 GMT-0800,54.183,54.137,0.012,0.012
13.11.2023 06:37:25.128 GMT-0800,54.184,54.14600000000001,0.012,0.012
13.11.2023 06:37:25.249 GMT-0800,54.183,54.137,0.012,0.012
13.11.2023 06:37:25.555 GMT-0800,54.183,54.147,0.012,0.012
13.11.2023 06:37:25.753 GMT-0800,54.193000000000005,54.157,0.012,0.012
13.11.2023 06:37:25.804 GMT-0800,54.193000000000005,54.147,0.012,0.012
13.11.2023 06:37:26.279 GMT-0800,54.183,54.147,0.012,0.012
13.11.2023 06:37:26.405 GMT-0800,54.193999999999996,54.14600000000001,0.012,0.012
13.11.2023 06:37:26.531 GMT-0800,54.184,54.14600000000001,0.012,0.012
13.11.2023 06:37:26.740 GMT-0800,54.184,54.136,0.012,0.012
13.11.2023 06:37:26.790 GMT-0800,54.193999999999996,54.14600000000001,0.012,0.012
13.11.2023 06:37:27.189 GMT-0800,54.184,54.14600000000001,0.012,0.012
13.11.2023 06:37:27.562 GMT-0800,54.173,54.147,0.012,0.012
13.11.2023 06:37:28.017 GMT-0800,54.173,54.137,0.012,0.012
13.11.2023 06:37:28.532 GMT-0800,54.193999999999996,54.156000000000006,0.012,0.012
13.11.2023 06:37:28.583 GMT-0800,54.193000000000005,54.147,0.012,0.012
13.11.2023 06:37:29.040 GMT-0800,54.183,54.147,0.012,0.012
13.11.2023 06:37:29.349 GMT-0800,54.184,54.136,0.012,0.012
13.11.2023 06:37:29.500 GMT-0800,54.193000000000005,54.147,0.012,0.012
13.11.2023 06:37:29.621 GMT-0800,54.184,54.14600000000001,0.012,0.012
13.11.2023 06:37:30.149 GMT-0800,54.193999999999996,54.14600000000001,0.012,0.012
13.11.2023 06:37:30.430 GMT-0800,54.193000000000005,54.167,0.012,0.012
13.11.2023 06:37:30.480 GMT-0800,54.193000000000005,54.157,0.012,0.012
13.11.2023 06:37:30.654 GMT-0800,54.193999999999996,54.14600000000001,0.012,0.012
13.11.2023 06:37:31.469 GMT-0800,54.193000000000005,54.167,0.012,0.012
13.11.2023 06:37:32.001 GMT-0800,54.193000000000005,54.177,0.012,0.012
13.11.2023 06:37:32.051 GMT-0800,54.193999999999996,54.166000000000004,0.012,0.012
13.11.2023 06:37:32.141 GMT-0800,54.214,54.176,0.012,0.012
13.11.2023 06:37:32.191 GMT-0800,54.223000000000006,54.167,0.012,0.012
13.11.2023 06:37:33.062 GMT-0800,54.213,54.167,0.012,0.012
13.11.2023 06:37:33.463 GMT-0800,54.223000000000006,54.167,0.012,0.012
13.11.2023 06:37:33.577 GMT-0800,54.214,54.166000000000004,0.012,0.012
13.11.2023 06:37:34.040 GMT-0800,54.224,54.166000000000004,0.012,0.012
13.11.2023 06:37:34.349 GMT-0800,54.214,54.166000000000004,0.012,0.012
13.11.2023 06:37:34.752 GMT-0800,54.224,54.166000000000004,0.012,0.012
13.11.2023 06:37:34.981 GMT-0800,54.213,54.167,0.012,0.012
13.11.2023 06:37:35.489 GMT-0800,54.223000000000006,54.167,0.012,0.012
13.11.2023 06:37:35.656 GMT-0800,54.213,54.167,0.012,0.012
13.11.2023 06:37:35.888 GMT-0800,54.223000000000006,54.167,0.012,0.012
13.11.2023 06:37:35.938 GMT-0800,54.213,54.167,0.012,0.012
13.11.2023 06:37:36.457 GMT-0800,54.224,54.166000000000004,0.012,0.012
13.11.2023 06:37:36.659 GMT-0800,54.204,54.166000000000004,0.012,0.012
13.11.2023 06:37:36.709 GMT-0800,54.223000000000006,54.167,0.012,0.012
13.11.2023 06:37:37.536 GMT-0800,54.214,54.166000000000004,0.012,0.012
13.11.2023 06:37:37.586 GMT-0800,54.224,54.166000000000004,0.012,0.012
13.11.2023 06:37:37.709 GMT-0800,54.223000000000006,54.177,0.012,0.012
13.11.2023 06:37:37.942 GMT-0800,54.224,54.18600000000001,0.012,0.012
13.11.2023 06:37:38.474 GMT-0800,54.213,54.187,0.012,0.012
13.11.2023 06:37:38.848 GMT-0800,54.224,54.18600000000001,0.012,0.012
13.11.2023 06:37:41.556 GMT-0800,54.223000000000006,54.167,0.012,0.012
13.11.2023 06:37:41.944 GMT-0800,54.223000000000006,54.177,0.012,0.012
13.11.2023 06:37:42.453 GMT-0800,54.223000000000006,54.167,0.012,0.012
13.11.2023 06:37:43.308 GMT-0800,54.224,54.176,0.012,0.012
13.11.2023 06:37:43.561 GMT-0800,54.224,54.18600000000001,0.012,0.012
13.11.2023 06:37:44.901 GMT-0800,54.204,54.156000000000006,0.012,0.012
13.11.2023 06:37:44.964 GMT-0800,54.204,54.166000000000004,0.012,0.012
13.11.2023 06:37:45.014 GMT-0800,54.203,54.157,0.012,0.012
13.11.2023 06:37:45.308 GMT-0800,54.204,54.166000000000004,0.012,0.012
13.11.2023 06:37:45.969 GMT-0800,54.203,54.157,0.012,0.012
13.11.2023 06:37:46.043 GMT-0800,54.193000000000005,54.157,0.012,0.012
13.11.2023 06:37:46.222 GMT-0800,54.203,54.167,0.012,0.012
13.11.2023 06:37:47.089 GMT-0800,54.203,54.157,0.012,0.012
13.11.2023 06:37:47.251 GMT-0800,54.203,54.167,0.012,0.012
13.11.2023 06:37:47.479 GMT-0800,54.193999999999996,54.166000000000004,0.012,0.012
13.11.2023 06:37:47.604 GMT-0800,54.203,54.177,0.012,0.012
13.11.2023 06:37:48.214 GMT-0800,54.204,54.18600000000001,0.012,0.012
13.11.2023 06:37:48.265 GMT-0800,54.204,54.166000000000004,0.012,0.012
13.11.2023 06:37:49.585 GMT-0800,54.203,54.157,0.012,0.012
13.11.2023 06:37:49.665 GMT-0800,54.193000000000005,54.157,0.012,0.012
13.11.2023 06:37:50.229 GMT-0800,54.204,54.166000000000004,0.012,0.012
13.11.2023 06:37:50.838 GMT-0800,54.193999999999996,54.14600000000001,0.012,0.012
13.11.2023 06:37:50.889 GMT-0800,54.183,54.147,0.012,0.012
13.11.2023 06:37:51.082 GMT-0800,54.193000000000005,54.157,0.012,0.012
13.11.2023 06:37:51.133 GMT-0800,54.204,54.156000000000006,0.012,0.012
13.11.2023 06:37:51.425 GMT-0800,54.204,54.14600000000001,0.012,0.012
13.11.2023 06:37:51.476 GMT-0800,54.204,54.136,0.012,0.012
13.11.2023 06:37:51.528 GMT-0800,54.174,54.136,0.012,0.012
13.11.2023 06:37:53.336 GMT-0800,54.184,54.14600000000001,0.012,0.012
13.11.2023 06:37:57.435 GMT-0800,54.174,54.14600000000001,0.012,0.012
13.11.2023 06:37:57.558 GMT-0800,54.174,54.126000000000005,0.012,0.012
13.11.2023 06:37:57.810 GMT-0800,54.183,54.127,0.012,0.012
13.11.2023 06:37:57.911 GMT-0800,54.173,54.127,0.012,0.012
13.11.2023 06:37:58.218 GMT-0800,54.183,54.127,0.012,0.012
13.11.2023 06:37:59.716 GMT-0800,54.183,54.147,0.012,0.012
13.11.2023 06:37:59.766 GMT-0800,54.204,54.14600000000001,0.012,0.012
13.11.2023 06:37:59.868 GMT-0800,54.183,54.147,0.012,0.012
13.11.2023 06:38:00.680 GMT-0800,54.203,54.157,0.012,0.012
13.11.2023 06:38:00.747 GMT-0800,54.183,54.157,0.012,0.012
13.11.2023 06:38:00.848 GMT-0800,54.174,54.14600000000001,0.012,0.012
13.11.2023 06:38:01.023 GMT-0800,54.184,54.156000000000006,0.012,0.012
13.11.2023 06:38:01.957 GMT-0800,54.184,54.166000000000004,0.012,0.012
13.11.2023 06:38:02.008 GMT-0800,54.184,54.156000000000006,0.012,0.012
13.11.2023 06:38:02.423 GMT-0800,54.193999999999996,54.166000000000004,0.012,0.012
13.11.2023 06:38:02.525 GMT-0800,54.184,54.166000000000004,0.012,0.012
13.11.2023 06:38:02.576 GMT-0800,54.193000000000005,54.167,0.012,0.012
13.11.2023 06:38:02.907 GMT-0800,54.183,54.167,0.012,0.012
13.11.2023 06:38:03.133 GMT-0800,54.173,54.147,0.012,0.012
13.11.2023 06:38:04.447 GMT-0800,54.174,54.126000000000005,0.012,0.012
13.11.2023 06:38:04.497 GMT-0800,54.153000000000006,54.127,0.012,0.012
13.11.2023 06:38:04.598 GMT-0800,54.153000000000006,54.137,0.012,0.012
13.11.2023 06:38:04.649 GMT-0800,54.153999999999996,54.126000000000005,0.012,0.012
13.11.2023 06:38:04.838 GMT-0800,54.163000000000004,54.137,0.012,0.012
13.11.2023 06:38:04.960 GMT-0800,54.153000000000006,54.127,0.012,0.012
13.11.2023 06:38:05.116 GMT-0800,54.173,54.147,0.012,0.012
13.11.2023 06:38:05.217 GMT-0800,54.163999999999994,54.136,0.012,0.012
13.11.2023 06:38:05.365 GMT-0800,54.163000000000004,54.147,0.012,0.012
13.11.2023 06:38:05.415 GMT-0800,54.163999999999994,54.136,0.012,0.012
13.11.2023 06:38:05.466 GMT-0800,54.173,54.137,0.012,0.012
13.11.2023 06:38:05.577 GMT-0800,54.163999999999994,54.136,0.012,0.012
13.11.2023 06:38:05.876 GMT-0800,54.173,54.147,0.012,0.012
13.11.2023 06:38:06.166 GMT-0800,54.163999999999994,54.136,0.012,0.012
13.11.2023 06:38:07.234 GMT-0800,54.174,54.136,0.012,0.012
13.11.2023 06:38:07.930 GMT-0800,54.163999999999994,54.136,0.012,0.012
13.11.2023 06:38:08.395 GMT-0800,54.153999999999996,54.126000000000005,0.012,0.012
13.11.2023 06:38:08.885 GMT-0800,54.143,54.127,0.012,0.012
13.11.2023 06:38:09.284 GMT-0800,54.153999999999996,54.126000000000005,0.012,0.012
13.11.2023 06:38:09.677 GMT-0800,54.143,54.107,0.012,0.012
13.11.2023 06:38:09.727 GMT-0800,54.153000000000006,54.127,0.012,0.012
13.11.2023 06:38:10.581 GMT-0800,54.143,54.127,0.012,0.012
13.11.2023 06:38:10.632 GMT-0800,54.143,54.107,0.012,0.012
13.11.2023 06:38:11.316 GMT-0800,54.153000000000006,54.127,0.012,0.012
13.11.2023 06:38:11.843 GMT-0800,54.144,54.106,0.012,0.012
13.11.2023 06:38:11.894 GMT-0800,54.153999999999996,54.106,0.012,0.012
13.11.2023 06:38:11.946 GMT-0800,54.153000000000006,54.127,0.012,0.012
13.11.2023 06:38:12.339 GMT-0800,54.174,54.136,0.012,0.012
13.11.2023 06:38:14.161 GMT-0800,54.174,54.14600000000001,0.012,0.012
13.11.2023 06:38:15.241 GMT-0800,54.163999999999994,54.136,0.012,0.012
13.11.2023 06:38:16.543 GMT-0800,54.153999999999996,54.126000000000005,0.012,0.012
13.11.2023 06:38:16.593 GMT-0800,54.144,54.106,0.012,0.012
13.11.2023 06:38:17.372 GMT-0800,54.133,54.107,0.012,0.012
13.11.2023 06:38:17.572 GMT-0800,54.143,54.117,0.012,0.012
13.11.2023 06:38:17.695 GMT-0800,54.143,54.127,0.012,0.012
13.11.2023 06:38:17.745 GMT-0800,54.144,54.11600000000001,0.012,0.012
13.11.2023 06:38:18.572 GMT-0800,54.134,54.106,0.012,0.012
13.11.2023 06:38:18.622 GMT-0800,54.143,54.107,0.012,0.012
13.11.2023 06:38:18.975 GMT-0800,54.143,54.117,0.012,0.012
13.11.2023 06:38:20.067 GMT-0800,54.134,54.11600000000001,0.012,0.012
13.11.2023 06:38:20.693 GMT-0800,54.133,54.107,0.012,0.012
13.11.2023 06:38:20.745 GMT-0800,54.123000000000005,54.107,0.012,0.012
13.11.2023 06:38:21.648 GMT-0800,54.144,54.11600000000001,0.012,0.012
13.11.2023 06:38:21.699 GMT-0800,54.133,54.107,0.012,0.012
13.11.2023 06:38:22.546 GMT-0800,54.113,54.086999999999996,0.012,0.012
13.11.2023 06:38:22.647 GMT-0800,54.123000000000005,54.097,0.012,0.012
13.11.2023 06:38:22.748 GMT-0800,54.114,54.086000000000006,0.012,0.012
13.11.2023 06:38:22.848 GMT-0800,54.113,54.077,0.012,0.012
13.11.2023 06:38:22.992 GMT-0800,54.113,54.086999999999996,0.012,0.012
13.11.2023 06:38:23.766 GMT-0800,54.104,54.086000000000006,0.012,0.012
13.11.2023 06:38:23.817 GMT-0800,54.114,54.086000000000006,0.012,0.012
13.11.2023 06:38:24.264 GMT-0800,54.123000000000005,54.097,0.012,0.012
13.11.2023 06:38:24.486 GMT-0800,54.113,54.097,0.012,0.012
13.11.2023 06:38:24.767 GMT-0800,54.113,54.086999999999996,0.012,0.012
13.11.2023 06:38:25.511 GMT-0800,54.114,54.096000000000004,0.012,0.012
13.11.2023 06:38:26.736 GMT-0800,54.123999999999995,54.096000000000004,0.012,0.012
13.11.2023 06:38:27.077 GMT-0800,54.114,54.096000000000004,0.012,0.012
13.11.2023 06:38:27.176 GMT-0800,54.123000000000005,54.097,0.012,0.012
13.11.2023 06:38:27.277 GMT-0800,54.114,54.086000000000006,0.012,0.012
13.11.2023 06:38:27.398 GMT-0800,54.123000000000005,54.086999999999996,0.012,0.012
13.11.2023 06:38:27.920 GMT-0800,54.123000000000005,54.097,0.012,0.012
13.11.2023 06:38:28.087 GMT-0800,54.134,54.106,0.012,0.012
13.11.2023 06:38:28.290 GMT-0800,54.144,54.106,0.012,0.012
13.11.2023 06:38:28.400 GMT-0800,54.153999999999996,54.11600000000001,0.012,0.012
13.11.2023 06:38:28.501 GMT-0800,54.134,54.106,0.012,0.012
13.11.2023 06:38:28.788 GMT-0800,54.134,54.11600000000001,0.012,0.012
13.11.2023 06:38:28.838 GMT-0800,54.153000000000006,54.117,0.012,0.012
13.11.2023 06:38:29.157 GMT-0800,54.133,54.107,0.012,0.012
13.11.2023 06:38:29.396 GMT-0800,54.143,54.117,0.012,0.012
13.11.2023 06:38:29.447 GMT-0800,54.163999999999994,54.11600000000001,0.012,0.012
13.11.2023 06:38:29.959 GMT-0800,54.134,54.106,0.012,0.012
13.11.2023 06:38:30.120 GMT-0800,54.123999999999995,54.096000000000004,0.012,0.012
13.11.2023 06:38:30.230 GMT-0800,54.134,54.106,0.012,0.012
13.11.2023 06:38:30.523 GMT-0800,54.123999999999995,54.096000000000004,0.012,0.012
13.11.2023 06:38:31.094 GMT-0800,54.113,54.086999999999996,0.012,0.012
13.11.2023 06:38:31.414 GMT-0800,54.114,54.096000000000004,0.012,0.012
13.11.2023 06:38:31.465 GMT-0800,54.123999999999995,54.096000000000004,0.012,0.012
13.11.2023 06:38:31.672 GMT-0800,54.123000000000005,54.086999999999996,0.012,0.012
13.11.2023 06:38:31.722 GMT-0800,54.123999999999995,54.096000000000004,0.012,0.012
13.11.2023 06:38:31.953 GMT-0800,54.123999999999995,54.086000000000006,0.012,0.012
13.11.2023 06:38:32.003 GMT-0800,54.114,54.086000000000006,0.012,0.012
13.11.2023 06:38:32.477 GMT-0800,54.123999999999995,54.096000000000004,0.012,0.012
13.11.2023 06:38:32.579 GMT-0800,54.123999999999995,54.086000000000006,0.012,0.012
13.11.2023 06:38:32.961 GMT-0800,54.133,54.107,0.012,0.012
13.11.2023 06:38:35.353 GMT-0800,54.134,54.096000000000004,0.012,0.012
13.11.2023 06:38:35.404 GMT-0800,54.123000000000005,54.097,0.012,0.012
13.11.2023 06:38:35.559 GMT-0800,54.114,54.096000000000004,0.012,0.012
13.11.2023 06:38:35.610 GMT-0800,54.113,54.086999999999996,0.012,0.012
13.11.2023 06:38:35.938 GMT-0800,54.123999999999995,54.096000000000004,0.012,0.012
13.11.2023 06:38:36.314 GMT-0800,54.133,54.107,0.012,0.012
13.11.2023 06:38:36.465 GMT-0800,54.123999999999995,54.106,0.012,0.012
13.11.2023 06:38:36.619 GMT-0800,54.133,54.107,0.012,0.012
13.11.2023 06:38:37.149 GMT-0800,54.123000000000005,54.107,0.012,0.012
13.11.2023 06:38:37.251 GMT-0800,54.123000000000005,54.097,0.012,0.012
13.11.2023 06:38:37.638 GMT-0800,54.123000000000005,54.086999999999996,0.012,0.012
13.11.2023 06:38:38.492 GMT-0800,54.123999999999995,54.096000000000004,0.012,0.012
13.11.2023 06:38:39.025 GMT-0800,54.123000000000005,54.086999999999996,0.012,0.012
13.11.2023 06:38:39.126 GMT-0800,54.113,54.086999999999996,0.012,0.012
13.11.2023 06:38:39.304 GMT-0800,54.104,54.07600000000001,0.012,0.012
13.11.2023 06:38:39.830 GMT-0800,54.093,54.077,0.012,0.012
13.11.2023 06:38:39.987 GMT-0800,54.093,54.067,0.012,0.012
13.11.2023 06:38:40.141 GMT-0800,54.093999999999994,54.07600000000001,0.012,0.012
13.11.2023 06:38:40.192 GMT-0800,54.093,54.067,0.012,0.012
13.11.2023 06:38:40.417 GMT-0800,54.104,54.066,0.012,0.012
13.11.2023 06:38:40.474 GMT-0800,54.093999999999994,54.066,0.012,0.012
13.11.2023 06:38:40.690 GMT-0800,54.103,54.067,0.012,0.012
13.11.2023 06:38:40.903 GMT-0800,54.093999999999994,54.066,0.012,0.012
13.11.2023 06:38:40.967 GMT-0800,54.103,54.067,0.012,0.012
13.11.2023 06:38:41.327 GMT-0800,54.093999999999994,54.066,0.012,0.012
13.11.2023 06:38:41.491 GMT-0800,54.083000000000006,54.067,0.012,0.012
13.11.2023 06:38:44.010 GMT-0800,54.083000000000006,54.057,0.012,0.012
13.11.2023 06:38:44.060 GMT-0800,54.093,54.067,0.012,0.012
13.11.2023 06:38:44.309 GMT-0800,54.083000000000006,54.057,0.012,0.012
13.11.2023 06:38:44.359 GMT-0800,54.104,54.066,0.012,0.012
13.11.2023 06:38:44.490 GMT-0800,54.103,54.057,0.012,0.012
13.11.2023 06:38:44.540 GMT-0800,54.083999999999996,54.056000000000004,0.012,0.012
13.11.2023 06:38:44.652 GMT-0800,54.104,54.066,0.012,0.012
13.11.2023 06:38:44.707 GMT-0800,54.083000000000006,54.067,0.012,0.012
13.11.2023 06:38:44.876 GMT-0800,54.083999999999996,54.056000000000004,0.012,0.012
13.11.2023 06:38:45.670 GMT-0800,54.104,54.066,0.012,0.012
13.11.2023 06:38:45.721 GMT-0800,54.093999999999994,54.056000000000004,0.012,0.012
13.11.2023 06:38:45.872 GMT-0800,54.104,54.056000000000004,0.012,0.012
13.11.2023 06:38:46.570 GMT-0800,54.083000000000006,54.057,0.012,0.012
13.11.2023 06:38:50.700 GMT-0800,54.083999999999996,54.066,0.012,0.012
13.11.2023 06:38:50.861 GMT-0800,54.083000000000006,54.057,0.012,0.012
13.11.2023 06:38:51.385 GMT-0800,54.083000000000006,54.067,0.012,0.012
13.11.2023 06:38:51.497 GMT-0800,54.083000000000006,54.057,0.012,0.012
13.11.2023 06:38:51.599 GMT-0800,54.083000000000006,54.067,0.012,0.012
13.11.2023 06:38:51.744 GMT-0800,54.083000000000006,54.057,0.012,0.012
13.11.2023 06:38:52.072 GMT-0800,54.083000000000006,54.067,0.012,0.012
13.11.2023 06:38:52.122 GMT-0800,54.083999999999996,54.056000000000004,0.012,0.012
13.11.2023 06:38:52.173 GMT-0800,54.083999999999996,54.066,0.012,0.012
13.11.2023 06:38:53.581 GMT-0800,54.093999999999994,54.07600000000001,0.012,0.012
13.11.2023 06:38:53.631 GMT-0800,54.093999999999994,54.056000000000004,0.012,0.012
13.11.2023 06:38:53.699 GMT-0800,54.093999999999994,54.066,0.012,0.012
13.11.2023 06:38:54.170 GMT-0800,54.093999999999994,54.07600000000001,0.012,0.012
13.11.2023 06:38:54.664 GMT-0800,54.093,54.067,0.012,0.012
13.11.2023 06:38:54.973 GMT-0800,54.093,54.077,0.012,0.012
13.11.2023 06:38:55.397 GMT-0800,54.093,54.067,0.012,0.012
13.11.2023 06:38:55.947 GMT-0800,54.093999999999994,54.07600000000001,0.012,0.012
13.11.2023 06:38:56.197 GMT-0800,54.113,54.086999999999996,0.012,0.012
13.11.2023 06:38:57.011 GMT-0800,54.114,54.07600000000001,0.012,0.012
13.11.2023 06:38:57.142 GMT-0800,54.104,54.07600000000001,0.012,0.012
13.11.2023 06:38:57.595 GMT-0800,54.114,54.086000000000006,0.012,0.012
13.11.2023 06:38:57.646 GMT-0800,54.113,54.077,0.012,0.012
13.11.2023 06:38:57.697 GMT-0800,54.104,54.07600000000001,0.012,0.012
13.11.2023 06:38:57.748 GMT-0800,54.113,54.077,0.012,0.012
13.11.2023 06:38:57.978 GMT-0800,54.113,54.086999999999996,0.012,0.012
13.11.2023 06:38:58.497 GMT-0800,54.103,54.077,0.012,0.012
13.11.2023 06:38:58.603 GMT-0800,54.113,54.077,0.012,0.012
13.11.2023 06:38:58.754 GMT-0800,54.113,54.086999999999996,0.012,0.012
13.11.2023 06:39:00.359 GMT-0800,54.104,54.07600000000001,0.012,0.012
13.11.2023 06:39:00.410 GMT-0800,54.113,54.077,0.012,0.012
13.11.2023 06:39:00.727 GMT-0800,54.103,54.077,0.012,0.012
13.11.2023 06:39:01.158 GMT-0800,54.093999999999994,54.07600000000001,0.012,0.012
13.11.2023 06:39:01.208 GMT-0800,54.093999999999994,54.066,0.012,0.012
13.11.2023 06:39:01.459 GMT-0800,54.083000000000006,54.047,0.012,0.012
13.11.2023 06:39:01.509 GMT-0800,54.083999999999996,54.066,0.012,0.012
13.11.2023 06:39:01.611 GMT-0800,54.093,54.067,0.012,0.012
13.11.2023 06:39:01.798 GMT-0800,54.083999999999996,54.066,0.012,0.012
13.11.2023 06:39:01.899 GMT-0800,54.093999999999994,54.066,0.012,0.012
13.11.2023 06:39:02.046 GMT-0800,54.083000000000006,54.047,0.012,0.012
13.11.2023 06:39:02.647 GMT-0800,54.104,54.07600000000001,0.012,0.012
13.11.2023 06:39:02.906 GMT-0800,54.103,54.067,0.012,0.012
13.11.2023 06:39:03.129 GMT-0800,54.114,54.086000000000006,0.012,0.012
13.11.2023 06:39:04.136 GMT-0800,54.113,54.097,0.012,0.012
13.11.2023 06:39:06.087 GMT-0800,54.134,54.106,0.012,0.012
13.11.2023 06:39:06.589 GMT-0800,54.123000000000005,54.097,0.012,0.012
13.11.2023 06:39:06.640 GMT-0800,54.133,54.097,0.012,0.012
13.11.2023 06:39:06.702 GMT-0800,54.123999999999995,54.096000000000004,0.012,0.012
13.11.2023 06:39:06.848 GMT-0800,54.134,54.106,0.012,0.012
13.11.2023 06:39:06.898 GMT-0800,54.134,54.096000000000004,0.012,0.012
13.11.2023 06:39:07.077 GMT-0800,54.123000000000005,54.097,0.012,0.012
13.11.2023 06:39:07.193 GMT-0800,54.123000000000005,54.086999999999996,0.012,0.012
13.11.2023 06:39:07.244 GMT-0800,54.123999999999995,54.096000000000004,0.012,0.012
13.11.2023 06:39:07.455 GMT-0800,54.123999999999995,54.086000000000006,0.012,0.012
13.11.2023 06:39:07.506 GMT-0800,54.123999999999995,54.096000000000004,0.012,0.012
13.11.2023 06:39:07.556 GMT-0800,54.123999999999995,54.086000000000006,0.012,0.012
13.11.2023 06:39:07.662 GMT-0800,54.123999999999995,54.096000000000004,0.012,0.012
13.11.2023 06:39:08.103 GMT-0800,54.123999999999995,54.086000000000006,0.012,0.012
13.11.2023 06:39:08.274 GMT-0800,54.123999999999995,54.096000000000004,0.012,0.012
13.11.2023 06:39:08.531 GMT-0800,54.123000000000005,54.086999999999996,0.012,0.012
13.11.2023 06:39:08.581 GMT-0800,54.123000000000005,54.097,0.012,0.012
13.11.2023 06:39:08.682 GMT-0800,54.123000000000005,54.086999999999996,0.012,0.012
13.11.2023 06:39:08.844 GMT-0800,54.123999999999995,54.096000000000004,0.012,0.012
13.11.2023 06:39:09.091 GMT-0800,54.123000000000005,54.086999999999996,0.012,0.012
13.11.2023 06:39:09.200 GMT-0800,54.123000000000005,54.097,0.012,0.012
13.11.2023 06:39:09.548 GMT-0800,54.134,54.096000000000004,0.012,0.012
13.11.2023 06:39:10.625 GMT-0800,54.123000000000005,54.097,0.012,0.012
13.11.2023 06:39:11.362 GMT-0800,54.134,54.096000000000004,0.012,0.012
13.11.2023 06:39:11.580 GMT-0800,54.133,54.107,0.012,0.012
13.11.2023 06:39:11.630 GMT-0800,54.153999999999996,54.11600000000001,0.012,0.012
13.11.2023 06:39:11.854 GMT-0800,54.163000000000004,54.117,0.012,0.012
13.11.2023 06:39:11.947 GMT-0800,54.143,54.117,0.012,0.012
13.11.2023 06:39:11.998 GMT-0800,54.163999999999994,54.11600000000001,0.012,0.012
13.11.2023 06:39:13.013 GMT-0800,54.163000000000004,54.127,0.012,0.012
13.11.2023 06:39:13.114 GMT-0800,54.143,54.117,0.012,0.012
13.11.2023 06:39:13.888 GMT-0800,54.163999999999994,54.11600000000001,0.012,0.012
13.11.2023 06:39:13.939 GMT-0800,54.144,54.11600000000001,0.012,0.012
13.11.2023 06:39:14.275 GMT-0800,54.163999999999994,54.11600000000001,0.012,0.012
13.11.2023 06:39:14.326 GMT-0800,54.163999999999994,54.126000000000005,0.012,0.012
13.11.2023 06:39:14.570 GMT-0800,54.144,54.11600000000001,0.012,0.012
13.11.2023 06:39:14.692 GMT-0800,54.163000000000004,54.117,0.012,0.012
13.11.2023 06:39:14.962 GMT-0800,54.144,54.11600000000001,0.012,0.012
13.11.2023 06:39:15.063 GMT-0800,54.143,54.107,0.012,0.012
13.11.2023 06:39:15.114 GMT-0800,54.133,54.107,0.012,0.012
13.11.2023 06:39:15.893 GMT-0800,54.144,54.11600000000001,0.012,0.012
13.11.2023 06:39:17.888 GMT-0800,54.143,54.107,0.012,0.012
13.11.2023 06:39:18.099 GMT-0800,54.133,54.107,0.012,0.012
13.11.2023 06:39:18.340 GMT-0800,54.144,54.106,0.012,0.012
13.11.2023 06:39:18.472 GMT-0800,54.143,54.117,0.012,0.012
13.11.2023 06:39:18.548 GMT-0800,54.144,54.106,0.012,0.012
13.11.2023 06:39:18.600 GMT-0800,54.144,54.11600000000001,0.012,0.012
13.11.2023 06:39:18.651 GMT-0800,54.143,54.107,0.012,0.012
13.11.2023 06:39:18.987 GMT-0800,54.134,54.106,0.012,0.012
13.11.2023 06:39:19.477 GMT-0800,54.123999999999995,54.096000000000004,0.012,0.012
13.11.2023 06:39:19.527 GMT-0800,54.134,54.096000000000004,0.012,0.012
13.11.2023 06:39:19.578 GMT-0800,54.133,54.107,0.012,0.012
13.11.2023 06:39:20.292 GMT-0800,54.144,54.106,0.012,0.012
13.11.2023 06:39:20.393 GMT-0800,54.144,54.11600000000001,0.012,0.012
13.11.2023 06:39:20.494 GMT-0800,54.144,54.106,0.012,0.012
13.11.2023 06:39:20.616 GMT-0800,54.134,54.106,0.012,0.012
13.11.2023 06:39:21.414 GMT-0800,54.134,54.096000000000004,0.012,0.012
13.11.2023 06:39:21.464 GMT-0800,54.134,54.106,0.012,0.012
13.11.2023 06:39:21.628 GMT-0800,54.133,54.097,0.012,0.012
13.11.2023 06:39:21.855 GMT-0800,54.123999999999995,54.096000000000004,0.012,0.012
13.11.2023 06:39:22.700 GMT-0800,54.134,54.096000000000004,0.012,0.012
13.11.2023 06:39:23.066 GMT-0800,54.123999999999995,54.096000000000004,0.012,0.012
13.11.2023 06:39:23.352 GMT-0800,54.123000000000005,54.086999999999996,0.012,0.012
13.11.2023 06:39:23.403 GMT-0800,54.123000000000005,54.097,0.012,0.012
13.11.2023 06:39:23.504 GMT-0800,54.123000000000005,54.086999999999996,0.012,0.012
13.11.2023 06:39:23.555 GMT-0800,54.123999999999995,54.096000000000004,0.012,0.012
13.11.2023 06:39:23.652 GMT-0800,54.123999999999995,54.086000000000006,0.012,0.012
13.11.2023 06:39:23.766 GMT-0800,54.123000000000005,54.097,0.012,0.012
13.11.2023 06:39:23.827 GMT-0800,54.123999999999995,54.086000000000006,0.012,0.012
13.11.2023 06:39:24.026 GMT-0800,54.123000000000005,54.097,0.012,0.012
13.11.2023 06:39:24.127 GMT-0800,54.123999999999995,54.086000000000006,0.012,0.012
13.11.2023 06:39:24.177 GMT-0800,54.123999999999995,54.096000000000004,0.012,0.012
13.11.2023 06:39:24.352 GMT-0800,54.123999999999995,54.086000000000006,0.012,0.012
13.11.2023 06:39:24.503 GMT-0800,54.114,54.086000000000006,0.012,0.012
13.11.2023 06:39:24.554 GMT-0800,54.123999999999995,54.086000000000006,0.012,0.012
13.11.2023 06:39:24.604 GMT-0800,54.123999999999995,54.096000000000004,0.012,0.012
13.11.2023 06:39:24.736 GMT-0800,54.123000000000005,54.086999999999996,0.012,0.012
13.11.2023 06:39:24.840 GMT-0800,54.123999999999995,54.096000000000004,0.012,0.012
13.11.2023 06:39:25.117 GMT-0800,54.133,54.097,0.012,0.012
13.11.2023 06:39:25.168 GMT-0800,54.133,54.107,0.012,0.012
13.11.2023 06:39:25.218 GMT-0800,54.134,54.096000000000004,0.012,0.012
13.11.2023 06:39:27.247 GMT-0800,54.114,54.086000000000006,0.012,0.012
13.11.2023 06:39:27.368 GMT-0800,54.123999999999995,54.096000000000004,0.012,0.012
13.11.2023 06:39:27.419 GMT-0800,54.123000000000005,54.086999999999996,0.012,0.012
13.11.2023 06:39:27.469 GMT-0800,54.113,54.086999999999996,0.012,0.012
13.11.2023 06:39:28.020 GMT-0800,54.123000000000005,54.097,0.012,0.012
13.11.2023 06:39:28.070 GMT-0800,54.123999999999995,54.086000000000006,0.012,0.012
13.11.2023 06:39:28.137 GMT-0800,54.114,54.086000000000006,0.012,0.012
13.11.2023 06:39:28.187 GMT-0800,54.123999999999995,54.086000000000006,0.012,0.012
13.11.2023 06:39:28.662 GMT-0800,54.123999999999995,54.096000000000004,0.012,0.012
13.11.2023 06:39:28.712 GMT-0800,54.123000000000005,54.086999999999996,0.012,0.012
13.11.2023 06:39:29.215 GMT-0800,54.113,54.086999999999996,0.012,0.012
13.11.2023 06:39:29.363 GMT-0800,54.123000000000005,54.086999999999996,0.012,0.012
13.11.2023 06:39:30.548 GMT-0800,54.114,54.086000000000006,0.012,0.012
13.11.2023 06:39:31.016 GMT-0800,54.104,54.086000000000006,0.012,0.012
13.11.2023 06:39:31.067 GMT-0800,54.123999999999995,54.096000000000004,0.012,0.012
13.11.2023 06:39:31.359 GMT-0800,54.133,54.097,0.012,0.012
13.11.2023 06:39:31.612 GMT-0800,54.113,54.086999999999996,0.012,0.012
13.11.2023 06:39:32.617 GMT-0800,54.123999999999995,54.086000000000006,0.012,0.012
13.11.2023 06:39:32.667 GMT-0800,54.123999999999995,54.096000000000004,0.012,0.012
13.11.2023 06:39:33.312 GMT-0800,54.134,54.096000000000004,0.012,0.012
13.11.2023 06:39:33.426 GMT-0800,54.133,54.107,0.012,0.012
13.11.2023 06:39:33.477 GMT-0800,54.134,54.096000000000004,0.012,0.012
13.11.2023 06:39:33.716 GMT-0800,54.133,54.107,0.012,0.012
13.11.2023 06:39:33.773 GMT-0800,54.134,54.096000000000004,0.012,0.012
13.11.2023 06:39:33.917 GMT-0800,54.133,54.107,0.012,0.012
13.11.2023 06:39:34.017 GMT-0800,54.133,54.097,0.012,0.012
13.11.2023 06:39:34.799 GMT-0800,54.123000000000005,54.097,0.012,0.012
13.11.2023 06:39:35.614 GMT-0800,54.134,54.106,0.012,0.012
13.11.2023 06:39:35.733 GMT-0800,54.114,54.086000000000006,0.012,0.012
13.11.2023 06:39:36.023 GMT-0800,54.114,54.066,0.012,0.012
13.11.2023 06:39:36.073 GMT-0800,54.113,54.086999999999996,0.012,0.012
13.11.2023 06:39:36.375 GMT-0800,54.123999999999995,54.086000000000006,0.012,0.012
13.11.2023 06:39:36.426 GMT-0800,54.123000000000005,54.097,0.012,0.012
13.11.2023 06:39:37.211 GMT-0800,54.123999999999995,54.086000000000006,0.012,0.012
13.11.2023 06:39:37.307 GMT-0800,54.123999999999995,54.096000000000004,0.012,0.012
13.11.2023 06:39:38.230 GMT-0800,54.133,54.107,0.012,0.012
13.11.2023 06:39:38.752 GMT-0800,54.123999999999995,54.096000000000004,0.012,0.012
13.11.2023 06:39:39.109 GMT-0800,54.114,54.096000000000004,0.012,0.012
13.11.2023 06:39:39.159 GMT-0800,54.123000000000005,54.097,0.012,0.012
13.11.2023 06:39:40.119 GMT-0800,54.113,54.097,0.012,0.012
13.11.2023 06:39:40.311 GMT-0800,54.114,54.07600000000001,0.012,0.012
13.11.2023 06:39:40.362 GMT-0800,54.104,54.07600000000001,0.012,0.012
13.11.2023 06:39:40.904 GMT-0800,54.103,54.067,0.012,0.012
13.11.2023 06:39:40.955 GMT-0800,54.104,54.07600000000001,0.012,0.012
13.11.2023 06:39:41.155 GMT-0800,54.093999999999994,54.066,0.012,0.012
13.11.2023 06:39:41.331 GMT-0800,54.104,54.07600000000001,0.012,0.012
13.11.2023 06:39:41.810 GMT-0800,54.093999999999994,54.07600000000001,0.012,0.012
13.11.2023 06:39:42.507 GMT-0800,54.093,54.067,0.012,0.012
13.11.2023 06:39:42.624 GMT-0800,54.104,54.07600000000001,0.012,0.012
13.11.2023 06:39:43.673 GMT-0800,54.093999999999994,54.066,0.012,0.012
13.11.2023 06:39:43.918 GMT-0800,54.103,54.067,0.012,0.012
13.11.2023 06:39:44.019 GMT-0800,54.103,54.077,0.012,0.012
13.11.2023 06:39:44.075 GMT-0800,54.104,54.066,0.012,0.012
13.11.2023 06:39:44.125 GMT-0800,54.103,54.077,0.012,0.012
13.11.2023 06:39:44.313 GMT-0800,54.103,54.067,0.012,0.012
13.11.2023 06:39:44.981 GMT-0800,54.083999999999996,54.066,0.012,0.012
13.11.2023 06:39:45.032 GMT-0800,54.083000000000006,54.047,0.012,0.012
13.11.2023 06:39:45.200 GMT-0800,54.083999999999996,54.056000000000004,0.012,0.012
13.11.2023 06:39:45.301 GMT-0800,54.083000000000006,54.067,0.012,0.012
13.11.2023 06:39:45.352 GMT-0800,54.083000000000006,54.057,0.012,0.012
13.11.2023 06:39:45.561 GMT-0800,54.083999999999996,54.066,0.012,0.012
13.11.2023 06:39:45.862 GMT-0800,54.083999999999996,54.056000000000004,0.012,0.012
13.11.2023 06:39:46.615 GMT-0800,54.083999999999996,54.066,0.012,0.012
13.11.2023 06:39:46.964 GMT-0800,54.083000000000006,54.057,0.012,0.012
13.11.2023 06:39:47.057 GMT-0800,54.083000000000006,54.067,0.012,0.012
13.11.2023 06:39:47.107 GMT-0800,54.083999999999996,54.056000000000004,0.012,0.012
13.11.2023 06:39:47.292 GMT-0800,54.083000000000006,54.067,0.012,0.012
13.11.2023 06:39:48.018 GMT-0800,54.083000000000006,54.057,0.012,0.012
13.11.2023 06:39:48.700 GMT-0800,54.083999999999996,54.04600000000001,0.012,0.012
13.11.2023 06:39:49.428 GMT-0800,54.083999999999996,54.056000000000004,0.012,0.012
13.11.2023 06:39:49.540 GMT-0800,54.073,54.047,0.012,0.012
13.11.2023 06:39:49.968 GMT-0800,54.073,54.057,0.012,0.012
13.11.2023 06:39:50.433 GMT-0800,54.083000000000006,54.057,0.012,0.012
13.11.2023 06:39:50.483 GMT-0800,54.074,54.056000000000004,0.012,0.012
13.11.2023 06:39:51.177 GMT-0800,54.083999999999996,54.066,0.012,0.012
13.11.2023 06:39:51.666 GMT-0800,54.073,54.057,0.012,0.012
13.11.2023 06:39:53.451 GMT-0800,54.083000000000006,54.067,0.012,0.012
13.11.2023 06:39:54.924 GMT-0800,54.114,54.07600000000001,0.012,0.012
13.11.2023 06:39:54.997 GMT-0800,54.103,54.077,0.012,0.012
13.11.2023 06:39:56.586 GMT-0800,54.113,54.086999999999996,0.012,0.012
