Local time,Ask,Bid,AskVolume,BidVolume
13.11.2023 06:30:00.339 GMT-0800,124.204,123.796,0.0132,0.0132
13.11.2023 06:30:01.206 GMT-0800,124.20299999999999,123.79700000000001,0.0132,0.0112
13.11.2023 06:30:01.389 GMT-0800,124.054,123.83600000000001,0.0009,0.0132
13.11.2023 06:30:01.676 GMT-0800,123.954,123.83600000000001,0.0009,0.009
13.11.2023 06:30:01.773 GMT-0800,124.054,123.83600000000001,0.0132,0.009
13.11.2023 06:30:01.824 GMT-0800,124.053,123.69700000000002,0.0132,0.0132
13.11.2023 06:30:01.989 GMT-0800,124.04299999999999,123.69700000000002,0.0009,0.0112
13.11.2023 06:30:02.311 GMT-0800,124.024,123.706,0.0132,0.0132
13.11.2023 06:30:02.528 GMT-0800,124.003,123.70700000000001,0.0009,0.009
13.11.2023 06:30:02.579 GMT-0800,124.003,123.647,0.0132,0.0132
13.11.2023 06:30:02.922 GMT-0800,124.003,123.647,0.009,0.0112
13.11.2023 06:30:03.413 GMT-0800,124.044,123.72600000000001,0.0132,0.0132
13.11.2023 06:30:05.079 GMT-0800,123.864,123.72600000000001,0.0009,0.0132
13.11.2023 06:30:05.823 GMT-0800,123.864,123.566,0.0132,0.0132
13.11.2023 06:30:06.191 GMT-0800,123.864,123.566,0.009,0.0112
13.11.2023 06:30:06.241 GMT-0800,123.864,123.566,0.009,0.0132
13.11.2023 06:30:06.293 GMT-0800,124.044,123.566,0.0132,0.0132
13.11.2023 06:30:06.831 GMT-0800,124.024,123.566,0.0009,0.0132
13.11.2023 06:30:07.869 GMT-0800,123.964,123.566,0.0009,0.0132
13.11.2023 06:30:08.047 GMT-0800,123.954,123.566,0.0132,0.0132
13.11.2023 06:30:08.267 GMT-0800,123.974,123.566,0.0132,0.0132
13.11.2023 06:30:08.368 GMT-0800,124.044,123.566,0.0132,0.0132
13.11.2023 06:30:09.132 GMT-0800,123.854,123.566,0.0009,0.0132
13.11.2023 06:30:10.546 GMT-0800,123.834,123.566,0.0009,0.0132
13.11.2023 06:30:10.597 GMT-0800,123.834,123.546,0.0132,0.0132
13.11.2023 06:30:11.038 GMT-0800,123.834,123.52600000000001,0.0132,0.0132
13.11.2023 06:30:11.450 GMT-0800,123.79299999999999,123.52700000000002,0.0009,0.0132
13.11.2023 06:30:12.182 GMT-0800,123.79299999999999,123.52700000000002,0.0132,0.0112
13.11.2023 06:30:12.588 GMT-0800,123.833,123.54700000000001,0.0132,0.0132
13.11.2023 06:30:12.639 GMT-0800,123.773,123.54700000000001,0.0009,0.0132
13.11.2023 06:30:13.175 GMT-0800,123.68299999999999,123.54700000000001,0.0009,0.0132
13.11.2023 06:30:13.276 GMT-0800,123.673,123.54700000000001,0.0132,0.0132
13.11.2023 06:30:13.327 GMT-0800,123.684,123.546,0.0132,0.0132
13.11.2023 06:30:13.410 GMT-0800,123.673,123.54700000000001,0.0009,0.0132
13.11.2023 06:30:13.955 GMT-0800,123.68299999999999,123.54700000000001,0.0132,0.0132
13.11.2023 06:30:14.117 GMT-0800,123.673,123.54700000000001,0.0009,0.0132
13.11.2023 06:30:14.222 GMT-0800,123.68299999999999,123.54700000000001,0.0132,0.0132
13.11.2023 06:30:14.539 GMT-0800,123.604,123.546,0.0009,0.009
13.11.2023 06:30:14.590 GMT-0800,123.67399999999999,123.52600000000001,0.0132,0.0132
13.11.2023 06:30:17.311 GMT-0800,123.67399999999999,123.52600000000001,0.0132,0.0112
13.11.2023 06:30:17.423 GMT-0800,123.673,123.55700000000002,0.0132,0.0112
13.11.2023 06:30:17.588 GMT-0800,123.67399999999999,123.57600000000001,0.0132,0.0112
13.11.2023 06:30:18.009 GMT-0800,123.67399999999999,123.596,0.0132,0.0112
13.11.2023 06:30:18.637 GMT-0800,123.643,123.61200000000001,0.0009,0.009
13.11.2023 06:30:18.689 GMT-0800,123.673,123.51700000000001,0.0132,0.0132
13.11.2023 06:30:20.891 GMT-0800,123.673,123.51700000000001,0.0132,0.0112
13.11.2023 06:30:22.245 GMT-0800,123.654,123.52600000000001,0.0009,0.009
13.11.2023 06:30:22.296 GMT-0800,123.654,123.516,0.0132,0.0132
13.11.2023 06:30:22.624 GMT-0800,123.65299999999999,123.51700000000001,0.0132,0.0112
13.11.2023 06:30:23.296 GMT-0800,123.673,123.52700000000002,0.0132,0.0132
13.11.2023 06:30:23.858 GMT-0800,123.834,123.52600000000001,0.0132,0.0132
13.11.2023 06:30:24.512 GMT-0800,123.814,123.52600000000001,0.0009,0.0132
13.11.2023 06:30:24.563 GMT-0800,123.864,123.52600000000001,0.0132,0.0132
13.11.2023 06:30:24.615 GMT-0800,123.853,123.52700000000002,0.0009,0.0132
13.11.2023 06:30:24.782 GMT-0800,123.813,123.52700000000002,0.0009,0.0132
13.11.2023 06:30:25.268 GMT-0800,123.833,123.52700000000002,0.0132,0.0132
13.11.2023 06:30:25.319 GMT-0800,123.824,123.52600000000001,0.0132,0.0132
13.11.2023 06:30:25.420 GMT-0800,123.804,123.52600000000001,0.0132,0.0132
13.11.2023 06:30:26.419 GMT-0800,123.824,123.52600000000001,0.0132,0.0132
13.11.2023 06:30:26.470 GMT-0800,123.694,123.58600000000001,0.0009,0.0132
13.11.2023 06:30:26.521 GMT-0800,124.053,123.52700000000002,0.0132,0.0132
13.11.2023 06:30:26.572 GMT-0800,123.874,123.52600000000001,0.0132,0.0132
13.11.2023 06:30:26.673 GMT-0800,123.834,123.52600000000001,0.0132,0.0132
13.11.2023 06:30:26.878 GMT-0800,123.823,123.52700000000002,0.009,0.0132
13.11.2023 06:30:26.929 GMT-0800,123.833,123.52700000000002,0.0132,0.0132
13.11.2023 06:30:27.451 GMT-0800,123.824,123.52600000000001,0.0009,0.0132
13.11.2023 06:30:28.352 GMT-0800,123.804,123.52600000000001,0.0009,0.0132
13.11.2023 06:30:29.408 GMT-0800,123.834,123.52600000000001,0.0009,0.0112
13.11.2023 06:30:29.459 GMT-0800,123.813,123.52700000000002,0.0009,0.0132
13.11.2023 06:30:29.609 GMT-0800,123.813,123.52700000000002,0.0132,0.0112
13.11.2023 06:30:30.502 GMT-0800,123.833,123.647,0.0132,0.0132
13.11.2023 06:30:31.515 GMT-0800,123.853,123.52700000000002,0.0132,0.0132
13.11.2023 06:30:31.616 GMT-0800,123.864,123.52600000000001,0.0132,0.0132
13.11.2023 06:30:31.667 GMT-0800,123.853,123.52700000000002,0.0132,0.0132
13.11.2023 06:30:32.027 GMT-0800,123.87299999999999,123.52700000000002,0.0132,0.0132
13.11.2023 06:30:32.084 GMT-0800,123.863,123.52700000000002,0.0009,0.0132
13.11.2023 06:30:33.521 GMT-0800,123.863,123.52700000000002,0.0132,0.0112
13.11.2023 06:30:37.941 GMT-0800,123.863,123.60700000000001,0.0132,0.0112
13.11.2023 06:30:38.348 GMT-0800,123.863,123.60700000000001,0.0132,0.0132
13.11.2023 06:30:38.458 GMT-0800,123.863,123.60700000000001,0.0132,0.0112
13.11.2023 06:30:38.988 GMT-0800,123.863,123.60700000000001,0.0132,0.0132
13.11.2023 06:30:39.427 GMT-0800,123.844,123.60600000000001,0.0009,0.0132
13.11.2023 06:30:39.599 GMT-0800,123.633,123.52700000000002,0.009,0.0132
13.11.2023 06:30:39.650 GMT-0800,123.65299999999999,123.52700000000002,0.0132,0.0132
13.11.2023 06:30:39.751 GMT-0800,123.65299999999999,123.51700000000001,0.0132,0.0132
13.11.2023 06:30:40.497 GMT-0800,123.753,123.51700000000001,0.0132,0.0132
13.11.2023 06:30:40.583 GMT-0800,123.664,123.516,0.0009,0.0132
13.11.2023 06:30:44.467 GMT-0800,123.573,123.51700000000001,0.0009,0.0132
13.11.2023 06:30:44.517 GMT-0800,123.664,123.52600000000001,0.0132,0.0132
13.11.2023 06:30:45.577 GMT-0800,123.604,123.52600000000001,0.0009,0.0132
13.11.2023 06:30:45.627 GMT-0800,123.614,123.52600000000001,0.0132,0.0132
13.11.2023 06:30:46.021 GMT-0800,123.603,123.52700000000002,0.0009,0.0132
13.11.2023 06:30:46.072 GMT-0800,123.614,123.52600000000001,0.0132,0.0132
13.11.2023 06:30:46.526 GMT-0800,123.604,123.52600000000001,0.0009,0.0132
13.11.2023 06:30:46.577 GMT-0800,123.613,123.52700000000002,0.0132,0.0132
13.11.2023 06:30:47.013 GMT-0800,123.603,123.52700000000002,0.0009,0.0132
13.11.2023 06:30:47.249 GMT-0800,123.613,123.52700000000002,0.0132,0.0132
13.11.2023 06:30:50.664 GMT-0800,123.604,123.52600000000001,0.0009,0.009
13.11.2023 06:30:50.715 GMT-0800,123.604,123.516,0.0132,0.0132
13.11.2023 06:30:51.905 GMT-0800,123.604,123.516,0.009,0.0112
13.11.2023 06:30:51.955 GMT-0800,123.614,123.52600000000001,0.0132,0.0132
13.11.2023 06:30:52.822 GMT-0800,123.604,123.52600000000001,0.0009,0.0132
13.11.2023 06:30:53.035 GMT-0800,123.603,123.51700000000001,0.0132,0.0132
13.11.2023 06:30:54.311 GMT-0800,123.604,123.516,0.009,0.0112
13.11.2023 06:30:54.362 GMT-0800,123.613,123.52700000000002,0.0132,0.0132
13.11.2023 06:30:54.822 GMT-0800,123.603,123.52700000000002,0.0009,0.0132
13.11.2023 06:30:54.873 GMT-0800,123.603,123.51700000000001,0.0132,0.0132
13.11.2023 06:30:54.974 GMT-0800,123.603,123.51700000000001,0.0132,0.0112
13.11.2023 06:30:55.148 GMT-0800,123.614,123.52600000000001,0.0132,0.0132
13.11.2023 06:30:55.245 GMT-0800,123.603,123.52700000000002,0.0009,0.0132
13.11.2023 06:30:55.296 GMT-0800,123.613,123.52700000000002,0.0132,0.0132
13.11.2023 06:30:55.384 GMT-0800,123.603,123.52700000000002,0.0009,0.0132
13.11.2023 06:30:55.435 GMT-0800,123.603,123.51700000000001,0.0132,0.0132
13.11.2023 06:30:55.536 GMT-0800,123.604,123.516,0.009,0.0112
13.11.2023 06:30:55.639 GMT-0800,123.603,123.51700000000001,0.0132,0.0132
13.11.2023 06:30:56.277 GMT-0800,123.743,123.51700000000001,0.0132,0.0132
13.11.2023 06:30:56.327 GMT-0800,123.734,123.516,0.0009,0.0132
13.11.2023 06:30:56.378 GMT-0800,123.773,123.51700000000001,0.0132,0.0132
13.11.2023 06:30:56.457 GMT-0800,123.76299999999999,123.51700000000001,0.0009,0.0132
13.11.2023 06:30:58.341 GMT-0800,123.764,123.516,0.009,0.0112
13.11.2023 06:30:58.391 GMT-0800,123.824,123.516,0.009,0.0132
13.11.2023 06:30:58.442 GMT-0800,123.834,123.516,0.0132,0.0132
13.11.2023 06:30:58.504 GMT-0800,123.823,123.51700000000001,0.0009,0.0132
13.11.2023 06:30:59.800 GMT-0800,123.823,123.51700000000001,0.0132,0.0112
13.11.2023 06:31:01.890 GMT-0800,123.864,123.52600000000001,0.0132,0.0132
13.11.2023 06:31:02.355 GMT-0800,123.824,123.52600000000001,0.0009,0.0132
13.11.2023 06:31:02.406 GMT-0800,123.874,123.52600000000001,0.0009,0.0132
13.11.2023 06:31:02.608 GMT-0800,123.894,123.52600000000001,0.009,0.0132
13.11.2023 06:31:02.659 GMT-0800,123.914,123.52600000000001,0.0132,0.0132
13.11.2023 06:31:08.646 GMT-0800,123.87299999999999,123.52700000000002,0.0009,0.0132
13.11.2023 06:31:08.760 GMT-0800,123.863,123.52700000000002,0.0009,0.0132
13.11.2023 06:31:12.035 GMT-0800,123.70299999999999,123.52700000000002,0.0009,0.0132
13.11.2023 06:31:12.430 GMT-0800,123.65299999999999,123.52700000000002,0.0009,0.0132
13.11.2023 06:31:12.481 GMT-0800,123.70299999999999,123.52700000000002,0.009,0.0132
13.11.2023 06:31:12.532 GMT-0800,123.864,123.52600000000001,0.0132,0.0132
13.11.2023 06:31:12.978 GMT-0800,123.833,123.52700000000002,0.0009,0.0132
13.11.2023 06:31:13.608 GMT-0800,123.79299999999999,123.52700000000002,0.0009,0.0132
13.11.2023 06:31:13.777 GMT-0800,123.794,123.52600000000001,0.0132,0.0112
13.11.2023 06:31:14.737 GMT-0800,123.79299999999999,123.587,0.009,0.0112
13.11.2023 06:31:14.788 GMT-0800,123.883,123.52700000000002,0.0132,0.0132
13.11.2023 06:31:14.993 GMT-0800,123.883,123.52700000000002,0.0132,0.0112
13.11.2023 06:31:15.044 GMT-0800,123.894,123.656,0.0132,0.0132
13.11.2023 06:31:15.148 GMT-0800,123.904,123.656,0.0132,0.0132
13.11.2023 06:31:15.595 GMT-0800,123.904,123.52600000000001,0.0132,0.0112
13.11.2023 06:31:15.897 GMT-0800,123.904,123.676,0.0132,0.0112
13.11.2023 06:31:15.998 GMT-0800,123.904,123.676,0.0132,0.0132
13.11.2023 06:31:16.049 GMT-0800,123.904,123.686,0.0132,0.0132
13.11.2023 06:31:16.099 GMT-0800,123.904,123.676,0.0132,0.0132
13.11.2023 06:31:16.227 GMT-0800,123.90299999999999,123.677,0.0132,0.0112
13.11.2023 06:31:16.278 GMT-0800,123.90299999999999,123.677,0.0132,0.0132
13.11.2023 06:31:16.679 GMT-0800,123.90299999999999,123.677,0.0132,0.0112
13.11.2023 06:31:16.794 GMT-0800,123.90299999999999,123.677,0.0132,0.0132
13.11.2023 06:31:16.957 GMT-0800,123.90299999999999,123.677,0.0132,0.0112
13.11.2023 06:31:17.008 GMT-0800,123.754,123.52600000000001,0.0132,0.0132
13.11.2023 06:31:17.180 GMT-0800,123.754,123.52600000000001,0.0132,0.0112
13.11.2023 06:31:17.239 GMT-0800,123.754,123.52600000000001,0.0132,0.0112
13.11.2023 06:31:17.604 GMT-0800,123.744,123.677,0.0009,0.009
13.11.2023 06:31:17.654 GMT-0800,123.743,123.52700000000002,0.0132,0.0132
13.11.2023 06:31:18.654 GMT-0800,123.844,123.52600000000001,0.0132,0.0132
13.11.2023 06:31:19.344 GMT-0800,123.834,123.52600000000001,0.0132,0.0132
13.11.2023 06:31:19.458 GMT-0800,123.823,123.52700000000002,0.0132,0.0132
13.11.2023 06:31:19.953 GMT-0800,123.684,123.52600000000001,0.0009,0.0132
13.11.2023 06:31:20.740 GMT-0800,123.634,123.52600000000001,0.0009,0.009
13.11.2023 06:31:20.791 GMT-0800,123.633,123.51700000000001,0.0132,0.0132
13.11.2023 06:31:21.942 GMT-0800,123.614,123.516,0.0009,0.0132
13.11.2023 06:31:22.043 GMT-0800,123.633,123.32700000000001,0.0132,0.0132
13.11.2023 06:31:22.164 GMT-0800,123.634,123.32600000000001,0.0132,0.0112
13.11.2023 06:31:22.581 GMT-0800,123.634,123.32600000000001,0.0132,0.0132
13.11.2023 06:31:22.632 GMT-0800,123.633,123.34700000000001,0.0132,0.0112
13.11.2023 06:31:22.733 GMT-0800,123.563,123.35700000000001,0.0132,0.0132
13.11.2023 06:31:23.647 GMT-0800,123.613,123.537,0.0009,0.009
13.11.2023 06:31:23.698 GMT-0800,123.613,123.52700000000002,0.009,0.0132
13.11.2023 06:31:23.749 GMT-0800,123.68299999999999,123.52700000000002,0.0132,0.0132
13.11.2023 06:31:23.800 GMT-0800,123.68299999999999,123.537,0.0132,0.0132
13.11.2023 06:31:24.059 GMT-0800,123.854,123.35600000000001,0.0132,0.0132
13.11.2023 06:31:24.189 GMT-0800,123.854,123.35600000000001,0.0132,0.0112
13.11.2023 06:31:24.239 GMT-0800,123.853,123.35700000000001,0.0132,0.0112
13.11.2023 06:31:24.388 GMT-0800,123.753,123.647,0.0132,0.0132
13.11.2023 06:31:24.505 GMT-0800,123.693,123.61200000000001,0.0009,0.009
13.11.2023 06:31:24.555 GMT-0800,123.734,123.35600000000001,0.0132,0.0132
13.11.2023 06:31:24.971 GMT-0800,123.73299999999999,123.35700000000001,0.0132,0.0112
13.11.2023 06:31:25.553 GMT-0800,123.753,123.49700000000001,0.0132,0.0132
13.11.2023 06:31:25.685 GMT-0800,123.854,123.47600000000001,0.0132,0.0132
13.11.2023 06:31:26.353 GMT-0800,123.853,123.45700000000001,0.0132,0.0132
13.11.2023 06:31:26.404 GMT-0800,123.833,123.45700000000001,0.0132,0.0132
13.11.2023 06:31:26.996 GMT-0800,123.794,123.456,0.0009,0.0132
13.11.2023 06:31:27.802 GMT-0800,123.79299999999999,123.45700000000001,0.009,0.0112
13.11.2023 06:31:27.886 GMT-0800,123.834,123.47600000000001,0.0132,0.0132
13.11.2023 06:31:28.514 GMT-0800,123.84299999999999,123.45700000000001,0.0132,0.0132
13.11.2023 06:31:28.565 GMT-0800,123.834,123.456,0.0132,0.0132
13.11.2023 06:31:28.906 GMT-0800,123.68299999999999,123.45700000000001,0.0009,0.0132
13.11.2023 06:31:28.957 GMT-0800,123.833,123.45700000000001,0.0132,0.0132
13.11.2023 06:31:29.342 GMT-0800,123.814,123.456,0.0009,0.0132
13.11.2023 06:31:29.444 GMT-0800,123.803,123.45700000000001,0.0009,0.0132
13.11.2023 06:31:29.801 GMT-0800,123.73299999999999,123.45700000000001,0.0009,0.0132
13.11.2023 06:31:32.563 GMT-0800,123.73299999999999,123.41700000000002,0.0132,0.0132
13.11.2023 06:31:34.467 GMT-0800,123.694,123.41600000000001,0.0009,0.009
13.11.2023 06:31:34.518 GMT-0800,123.694,123.32600000000001,0.0132,0.0132
13.11.2023 06:31:35.451 GMT-0800,123.694,123.32600000000001,0.009,0.0112
13.11.2023 06:31:35.616 GMT-0800,123.73299999999999,123.43700000000001,0.0132,0.0132
13.11.2023 06:31:36.248 GMT-0800,123.73299999999999,123.32700000000001,0.0132,0.0132
13.11.2023 06:31:37.563 GMT-0800,123.73299999999999,123.32700000000001,0.0132,0.0112
13.11.2023 06:31:40.698 GMT-0800,123.734,123.396,0.0132,0.0112
13.11.2023 06:31:41.005 GMT-0800,123.73299999999999,123.587,0.0132,0.0132
13.11.2023 06:31:41.059 GMT-0800,123.73299999999999,123.587,0.0132,0.0112
13.11.2023 06:31:41.160 GMT-0800,123.734,123.646,0.009,0.0132
13.11.2023 06:31:41.211 GMT-0800,123.744,123.646,0.0132,0.0132
13.11.2023 06:31:41.346 GMT-0800,123.904,123.596,0.0132,0.0132
13.11.2023 06:31:42.631 GMT-0800,123.904,123.596,0.0132,0.0112
13.11.2023 06:31:42.732 GMT-0800,123.90299999999999,123.727,0.0132,0.0132
13.11.2023 06:31:43.357 GMT-0800,123.904,123.71600000000001,0.0132,0.0132
13.11.2023 06:31:43.487 GMT-0800,123.804,123.71600000000001,0.0009,0.009
13.11.2023 06:31:43.537 GMT-0800,123.884,123.57600000000001,0.0132,0.0132
13.11.2023 06:31:44.060 GMT-0800,123.883,123.57700000000001,0.0132,0.0112
13.11.2023 06:31:45.543 GMT-0800,123.883,123.51700000000001,0.0132,0.0132
13.11.2023 06:31:46.129 GMT-0800,123.884,123.516,0.0132,0.0112
13.11.2023 06:31:46.471 GMT-0800,123.904,123.676,0.0132,0.0132
13.11.2023 06:31:46.670 GMT-0800,123.904,123.676,0.0132,0.0112
13.11.2023 06:31:47.766 GMT-0800,123.884,123.686,0.0009,0.009
13.11.2023 06:31:47.817 GMT-0800,123.884,123.676,0.0132,0.009
13.11.2023 06:31:48.329 GMT-0800,123.783,123.54700000000001,0.0009,0.009
13.11.2023 06:31:48.380 GMT-0800,123.784,123.47600000000001,0.0132,0.0132
13.11.2023 06:31:49.317 GMT-0800,123.754,123.47600000000001,0.0009,0.0132
13.11.2023 06:31:49.506 GMT-0800,123.754,123.456,0.0132,0.0132
13.11.2023 06:31:49.557 GMT-0800,123.764,123.456,0.0132,0.0132
13.11.2023 06:31:49.781 GMT-0800,123.673,123.45700000000001,0.009,0.0132
13.11.2023 06:31:49.832 GMT-0800,123.73299999999999,123.45700000000001,0.0132,0.0132
13.11.2023 06:31:50.792 GMT-0800,123.774,123.456,0.0132,0.0132
13.11.2023 06:31:51.300 GMT-0800,123.794,123.456,0.0009,0.0132
13.11.2023 06:31:51.351 GMT-0800,123.784,123.456,0.0009,0.0132
13.11.2023 06:31:51.631 GMT-0800,123.814,123.456,0.0132,0.0132
13.11.2023 06:31:51.965 GMT-0800,123.794,123.456,0.0009,0.0132
13.11.2023 06:31:52.517 GMT-0800,123.784,123.456,0.009,0.0132
13.11.2023 06:31:52.567 GMT-0800,123.79299999999999,123.45700000000001,0.0132,0.0132
13.11.2023 06:31:52.647 GMT-0800,123.784,123.456,0.0009,0.0132
13.11.2023 06:31:52.980 GMT-0800,123.824,123.456,0.0132,0.0132
13.11.2023 06:31:53.883 GMT-0800,123.824,123.456,0.0132,0.0112
13.11.2023 06:31:53.933 GMT-0800,123.884,123.47600000000001,0.0132,0.0132
13.11.2023 06:31:53.998 GMT-0800,123.87299999999999,123.477,0.0009,0.0132
13.11.2023 06:31:55.237 GMT-0800,123.87299999999999,123.45700000000001,0.0132,0.0132
13.11.2023 06:31:57.463 GMT-0800,123.874,123.456,0.0132,0.0112
13.11.2023 06:31:58.785 GMT-0800,123.87299999999999,123.51700000000001,0.0132,0.0112
13.11.2023 06:31:58.982 GMT-0800,123.90299999999999,123.537,0.0132,0.0132
13.11.2023 06:31:59.930 GMT-0800,123.90299999999999,123.537,0.009,0.0112
13.11.2023 06:31:59.981 GMT-0800,123.944,123.57600000000001,0.0132,0.0132
13.11.2023 06:32:00.092 GMT-0800,123.833,123.57700000000001,0.0009,0.0132
13.11.2023 06:32:01.428 GMT-0800,123.834,123.57600000000001,0.009,0.0112
13.11.2023 06:32:01.478 GMT-0800,124.004,123.616,0.0132,0.0132
13.11.2023 06:32:01.603 GMT-0800,123.893,123.617,0.0009,0.0132
13.11.2023 06:32:01.954 GMT-0800,123.893,123.617,0.0132,0.0112
13.11.2023 06:32:02.738 GMT-0800,123.87299999999999,123.66700000000002,0.0009,0.009
13.11.2023 06:32:02.789 GMT-0800,123.874,123.616,0.0132,0.0132
13.11.2023 06:32:03.657 GMT-0800,123.874,123.596,0.0132,0.0132
13.11.2023 06:32:03.792 GMT-0800,124.004,123.596,0.0132,0.0132
13.11.2023 06:32:04.027 GMT-0800,124.004,123.596,0.0132,0.0112
13.11.2023 06:32:05.074 GMT-0800,123.964,123.72600000000001,0.0009,0.0132
13.11.2023 06:32:05.175 GMT-0800,124.004,123.72600000000001,0.0132,0.0132
13.11.2023 06:32:06.074 GMT-0800,123.964,123.72600000000001,0.0009,0.0132
13.11.2023 06:32:06.281 GMT-0800,123.844,123.72600000000001,0.0009,0.0132
13.11.2023 06:32:06.876 GMT-0800,123.853,123.727,0.0132,0.0132
13.11.2023 06:32:07.029 GMT-0800,123.844,123.72600000000001,0.0009,0.009
13.11.2023 06:32:07.123 GMT-0800,123.84299999999999,123.617,0.0132,0.0132
13.11.2023 06:32:08.449 GMT-0800,123.834,123.616,0.0009,0.0132
13.11.2023 06:32:08.675 GMT-0800,123.833,123.59700000000001,0.0132,0.0132
13.11.2023 06:32:09.778 GMT-0800,123.834,123.546,0.0132,0.0132
13.11.2023 06:32:10.160 GMT-0800,123.834,123.536,0.0132,0.0132
13.11.2023 06:32:10.211 GMT-0800,123.833,123.55700000000002,0.0132,0.0132
13.11.2023 06:32:10.391 GMT-0800,123.833,123.537,0.0132,0.0132
13.11.2023 06:32:10.580 GMT-0800,123.834,123.486,0.0132,0.0132
13.11.2023 06:32:10.631 GMT-0800,123.834,123.49600000000001,0.0132,0.0132
13.11.2023 06:32:14.491 GMT-0800,123.813,123.49700000000001,0.0009,0.0132
13.11.2023 06:32:14.964 GMT-0800,123.68299999999999,123.477,0.0132,0.0132
13.11.2023 06:32:15.436 GMT-0800,123.814,123.47600000000001,0.0132,0.0132
13.11.2023 06:32:15.921 GMT-0800,123.773,123.477,0.0009,0.009
13.11.2023 06:32:15.972 GMT-0800,123.773,123.45700000000001,0.0132,0.0132
13.11.2023 06:32:17.728 GMT-0800,123.773,123.45700000000001,0.009,0.0112
13.11.2023 06:32:17.779 GMT-0800,123.784,123.566,0.0132,0.0132
13.11.2023 06:32:17.886 GMT-0800,123.814,123.566,0.0132,0.0132
13.11.2023 06:32:22.963 GMT-0800,123.814,123.566,0.0132,0.0112
13.11.2023 06:32:27.726 GMT-0800,123.744,123.60600000000001,0.0009,0.0132
13.11.2023 06:32:31.369 GMT-0800,123.754,123.60600000000001,0.0132,0.0132
13.11.2023 06:32:31.419 GMT-0800,123.743,123.60700000000001,0.0009,0.0132
13.11.2023 06:32:31.856 GMT-0800,123.753,123.60700000000001,0.0132,0.0132
13.11.2023 06:32:32.205 GMT-0800,123.743,123.60700000000001,0.0009,0.0132
13.11.2023 06:32:33.183 GMT-0800,123.753,123.60700000000001,0.0132,0.0132
13.11.2023 06:32:33.304 GMT-0800,123.744,123.60600000000001,0.0009,0.0132
13.11.2023 06:32:33.405 GMT-0800,123.754,123.60600000000001,0.0132,0.0132
13.11.2023 06:32:33.524 GMT-0800,123.744,123.60600000000001,0.0009,0.0132
13.11.2023 06:32:34.080 GMT-0800,123.743,123.587,0.0132,0.0132
13.11.2023 06:32:38.681 GMT-0800,123.70299999999999,123.587,0.0009,0.0132
13.11.2023 06:32:39.896 GMT-0800,123.713,123.587,0.0132,0.0132
13.11.2023 06:32:40.018 GMT-0800,123.68299999999999,123.587,0.0009,0.0132
13.11.2023 06:32:41.685 GMT-0800,123.704,123.58600000000001,0.0132,0.0132
13.11.2023 06:32:42.357 GMT-0800,123.704,123.58600000000001,0.0132,0.0112
13.11.2023 06:32:42.942 GMT-0800,123.704,123.596,0.0132,0.0112
13.11.2023 06:32:43.043 GMT-0800,123.713,123.62700000000001,0.0132,0.0132
13.11.2023 06:32:43.181 GMT-0800,123.704,123.626,0.0132,0.0132
13.11.2023 06:32:43.231 GMT-0800,123.714,123.626,0.0132,0.0132
13.11.2023 06:32:43.393 GMT-0800,123.704,123.626,0.0009,0.0132
13.11.2023 06:32:43.643 GMT-0800,123.714,123.646,0.0132,0.0132
13.11.2023 06:32:45.972 GMT-0800,123.713,123.647,0.0132,0.0112
13.11.2023 06:32:47.379 GMT-0800,123.723,123.677,0.009,0.0112
13.11.2023 06:32:47.430 GMT-0800,123.813,123.68700000000001,0.0132,0.0132
13.11.2023 06:32:47.587 GMT-0800,123.814,123.686,0.0132,0.0112
13.11.2023 06:32:47.781 GMT-0800,123.813,123.68700000000001,0.0132,0.0132
13.11.2023 06:32:48.867 GMT-0800,123.813,123.68700000000001,0.0132,0.0112
13.11.2023 06:32:48.918 GMT-0800,123.814,123.686,0.0132,0.0132
13.11.2023 06:32:49.071 GMT-0800,123.744,123.60600000000001,0.0132,0.0132
13.11.2023 06:32:51.856 GMT-0800,123.814,123.60600000000001,0.0132,0.0132
13.11.2023 06:32:57.465 GMT-0800,123.814,123.60600000000001,0.0132,0.0112
13.11.2023 06:32:57.516 GMT-0800,123.814,123.60600000000001,0.0132,0.0132
13.11.2023 06:32:58.575 GMT-0800,123.814,123.60600000000001,0.0132,0.0112
13.11.2023 06:32:59.788 GMT-0800,123.814,123.706,0.0132,0.0132
13.11.2023 06:32:59.847 GMT-0800,123.813,123.70700000000001,0.0132,0.0112
13.11.2023 06:32:59.949 GMT-0800,123.813,123.60700000000001,0.0132,0.0132
13.11.2023 06:33:00.464 GMT-0800,123.814,123.60600000000001,0.0132,0.0112
13.11.2023 06:33:00.913 GMT-0800,123.814,123.71600000000001,0.0132,0.0112
13.11.2023 06:33:00.964 GMT-0800,123.814,123.71600000000001,0.0132,0.0132
13.11.2023 06:33:01.248 GMT-0800,123.963,123.71700000000001,0.0132,0.0132
13.11.2023 06:33:02.922 GMT-0800,123.964,123.71600000000001,0.0132,0.0112
13.11.2023 06:33:05.696 GMT-0800,123.964,123.74600000000001,0.0132,0.0112
13.11.2023 06:33:06.170 GMT-0800,123.944,123.74600000000001,0.0132,0.0112
13.11.2023 06:33:06.221 GMT-0800,123.944,123.74600000000001,0.0132,0.0132
13.11.2023 06:33:07.813 GMT-0800,123.943,123.74700000000001,0.0132,0.0112
13.11.2023 06:33:09.039 GMT-0800,123.943,123.73700000000001,0.0132,0.0132
13.11.2023 06:33:09.480 GMT-0800,123.944,123.736,0.0132,0.0112
13.11.2023 06:33:10.382 GMT-0800,123.844,123.756,0.0009,0.009
13.11.2023 06:33:10.432 GMT-0800,123.844,123.71600000000001,0.0132,0.0132
13.11.2023 06:33:10.483 GMT-0800,123.944,123.71600000000001,0.0132,0.0132
13.11.2023 06:33:10.885 GMT-0800,123.824,123.71600000000001,0.0009,0.0132
13.11.2023 06:33:11.512 GMT-0800,123.923,123.71700000000001,0.0132,0.0132
13.11.2023 06:33:11.562 GMT-0800,123.904,123.71600000000001,0.0009,0.0132
13.11.2023 06:33:11.869 GMT-0800,123.90299999999999,123.71700000000001,0.0132,0.0112
13.11.2023 06:33:12.116 GMT-0800,123.904,123.71600000000001,0.0132,0.0132
13.11.2023 06:33:12.752 GMT-0800,123.904,123.71600000000001,0.0132,0.0112
13.11.2023 06:33:12.854 GMT-0800,123.943,123.77700000000002,0.0132,0.0132
13.11.2023 06:33:13.026 GMT-0800,123.943,123.74700000000001,0.0132,0.0132
13.11.2023 06:33:13.171 GMT-0800,123.944,123.72600000000001,0.0132,0.0132
13.11.2023 06:33:15.169 GMT-0800,123.944,123.71600000000001,0.0132,0.0132
13.11.2023 06:33:20.018 GMT-0800,123.884,123.71600000000001,0.0009,0.0132
13.11.2023 06:33:20.069 GMT-0800,123.944,123.71600000000001,0.0132,0.0132
13.11.2023 06:33:24.461 GMT-0800,123.943,123.71700000000001,0.0132,0.0112
13.11.2023 06:33:24.512 GMT-0800,123.943,123.74700000000001,0.0132,0.0132
13.11.2023 06:33:24.792 GMT-0800,123.944,123.71600000000001,0.0132,0.0132
13.11.2023 06:33:25.068 GMT-0800,123.79,123.71700000000001,0.0009,0.0132
13.11.2023 06:33:25.119 GMT-0800,123.914,123.60600000000001,0.0132,0.0132
13.11.2023 06:33:25.197 GMT-0800,123.90299999999999,123.60700000000001,0.0009,0.0112
13.11.2023 06:33:25.506 GMT-0800,123.90299999999999,123.677,0.0132,0.009
13.11.2023 06:33:25.557 GMT-0800,123.904,123.60600000000001,0.0132,0.0132
13.11.2023 06:33:26.067 GMT-0800,123.944,123.60600000000001,0.0132,0.0132
13.11.2023 06:33:28.014 GMT-0800,123.774,123.60600000000001,0.0132,0.0132
13.11.2023 06:33:28.117 GMT-0800,123.944,123.60600000000001,0.0132,0.0132
13.11.2023 06:33:28.490 GMT-0800,123.893,123.60700000000001,0.0009,0.0132
13.11.2023 06:33:31.940 GMT-0800,123.914,123.60600000000001,0.0132,0.0132
13.11.2023 06:33:32.000 GMT-0800,123.904,123.60600000000001,0.0009,0.0132
13.11.2023 06:33:32.154 GMT-0800,123.76299999999999,123.60700000000001,0.0132,0.0132
13.11.2023 06:33:32.432 GMT-0800,123.76299999999999,123.60700000000001,0.0132,0.0112
13.11.2023 06:33:32.725 GMT-0800,123.764,123.626,0.0132,0.0132
13.11.2023 06:33:32.826 GMT-0800,123.76299999999999,123.60700000000001,0.0132,0.0132
13.11.2023 06:33:33.730 GMT-0800,123.764,123.60600000000001,0.0132,0.0112
13.11.2023 06:33:33.937 GMT-0800,123.693,123.65700000000001,0.0009,0.0132
13.11.2023 06:33:33.988 GMT-0800,123.764,123.656,0.0132,0.0132
13.11.2023 06:33:34.528 GMT-0800,123.764,123.656,0.0132,0.0112
13.11.2023 06:33:34.579 GMT-0800,123.764,123.60600000000001,0.0132,0.0132
13.11.2023 06:33:34.766 GMT-0800,123.84299999999999,123.60700000000001,0.0132,0.0132
13.11.2023 06:33:34.883 GMT-0800,123.84299999999999,123.60700000000001,0.0132,0.0112
13.11.2023 06:33:35.035 GMT-0800,123.883,123.65700000000001,0.0132,0.0132
13.11.2023 06:33:36.208 GMT-0800,123.883,123.65700000000001,0.0132,0.0112
13.11.2023 06:33:36.309 GMT-0800,123.884,123.66600000000001,0.0132,0.0132
13.11.2023 06:33:36.415 GMT-0800,123.883,123.66700000000002,0.0132,0.0112
13.11.2023 06:33:36.620 GMT-0800,123.884,123.686,0.0132,0.0112
13.11.2023 06:33:39.324 GMT-0800,123.794,123.69600000000001,0.0009,0.009
13.11.2023 06:33:39.375 GMT-0800,123.79299999999999,123.60700000000001,0.0132,0.0132
13.11.2023 06:33:39.426 GMT-0800,123.883,123.60700000000001,0.0132,0.0132
13.11.2023 06:33:41.732 GMT-0800,123.734,123.60600000000001,0.0009,0.0132
13.11.2023 06:33:42.725 GMT-0800,123.734,123.596,0.0132,0.0132
13.11.2023 06:33:42.958 GMT-0800,123.734,123.596,0.0132,0.0112
13.11.2023 06:33:45.166 GMT-0800,123.654,123.60600000000001,0.0009,0.0132
13.11.2023 06:33:46.077 GMT-0800,123.62299999999999,123.602,0.0009,0.009
13.11.2023 06:33:46.128 GMT-0800,123.624,123.536,0.0132,0.009
13.11.2023 06:33:46.575 GMT-0800,123.62299999999999,123.43700000000001,0.0132,0.0132
13.11.2023 06:33:46.925 GMT-0800,123.643,123.43700000000001,0.0132,0.0132
13.11.2023 06:33:47.968 GMT-0800,123.644,123.436,0.0132,0.0112
13.11.2023 06:33:48.858 GMT-0800,123.644,123.456,0.0132,0.0112
13.11.2023 06:33:49.313 GMT-0800,123.654,123.456,0.0132,0.0132
13.11.2023 06:33:51.901 GMT-0800,123.65299999999999,123.45700000000001,0.009,0.0112
13.11.2023 06:33:51.952 GMT-0800,123.734,123.63600000000001,0.0132,0.0132
13.11.2023 06:33:52.193 GMT-0800,123.73299999999999,123.617,0.0132,0.0132
13.11.2023 06:33:54.214 GMT-0800,123.73299999999999,123.617,0.0132,0.0112
13.11.2023 06:33:54.265 GMT-0800,123.734,123.616,0.0132,0.0132
13.11.2023 06:33:54.319 GMT-0800,123.734,123.616,0.0132,0.0112
13.11.2023 06:33:55.468 GMT-0800,123.73299999999999,123.617,0.0132,0.0132
13.11.2023 06:33:56.827 GMT-0800,123.734,123.516,0.0132,0.0132
13.11.2023 06:33:57.432 GMT-0800,123.734,123.516,0.0132,0.0112
13.11.2023 06:33:57.483 GMT-0800,123.734,123.596,0.0132,0.0132
13.11.2023 06:33:57.612 GMT-0800,123.73299999999999,123.59700000000001,0.0132,0.0112
13.11.2023 06:33:57.836 GMT-0800,123.664,123.60600000000001,0.0009,0.009
13.11.2023 06:33:57.887 GMT-0800,123.734,123.60600000000001,0.0132,0.009
13.11.2023 06:33:57.960 GMT-0800,123.73299999999999,123.477,0.0132,0.0132
13.11.2023 06:34:00.752 GMT-0800,123.73299999999999,123.477,0.0132,0.0112
13.11.2023 06:34:00.951 GMT-0800,123.734,123.536,0.0132,0.009
13.11.2023 06:34:01.002 GMT-0800,123.73299999999999,123.49700000000001,0.0132,0.0132
13.11.2023 06:34:02.244 GMT-0800,123.713,123.49700000000001,0.0009,0.0132
13.11.2023 06:34:02.475 GMT-0800,123.714,123.456,0.0132,0.0132
13.11.2023 06:34:02.600 GMT-0800,123.714,123.456,0.0132,0.0112
13.11.2023 06:34:02.651 GMT-0800,123.714,123.516,0.0132,0.0132
13.11.2023 06:34:02.719 GMT-0800,123.713,123.51700000000001,0.0132,0.0112
13.11.2023 06:34:02.820 GMT-0800,123.553,123.397,0.009,0.0132
13.11.2023 06:34:02.871 GMT-0800,123.564,123.35600000000001,0.0132,0.009
13.11.2023 06:34:03.869 GMT-0800,123.564,123.33600000000001,0.0132,0.0132
13.11.2023 06:34:04.209 GMT-0800,123.54299999999999,123.337,0.0009,0.0132
13.11.2023 06:34:04.523 GMT-0800,123.54299999999999,123.29700000000001,0.0132,0.009
13.11.2023 06:34:04.574 GMT-0800,123.54299999999999,123.257,0.0132,0.0132
13.11.2023 06:34:04.867 GMT-0800,123.544,123.256,0.0132,0.0112
13.11.2023 06:34:05.173 GMT-0800,123.54299999999999,123.257,0.0132,0.0132
13.11.2023 06:34:05.407 GMT-0800,123.484,123.256,0.0009,0.0132
13.11.2023 06:34:05.879 GMT-0800,123.48299999999999,123.257,0.0132,0.0112
13.11.2023 06:34:06.131 GMT-0800,123.48299999999999,123.257,0.0132,0.0132
13.11.2023 06:34:07.804 GMT-0800,123.484,123.256,0.0132,0.0112
13.11.2023 06:34:08.341 GMT-0800,123.484,123.256,0.0132,0.0132
13.11.2023 06:34:08.418 GMT-0800,123.48299999999999,123.257,0.009,0.0112
13.11.2023 06:34:08.469 GMT-0800,123.493,123.397,0.0132,0.0132
13.11.2023 06:34:08.530 GMT-0800,123.48299999999999,123.397,0.0009,0.0132
13.11.2023 06:34:08.718 GMT-0800,123.493,123.397,0.0132,0.0132
13.11.2023 06:34:08.988 GMT-0800,123.48299999999999,123.397,0.0009,0.0132
13.11.2023 06:34:09.038 GMT-0800,123.48299999999999,123.30700000000002,0.0132,0.0132
13.11.2023 06:34:09.089 GMT-0800,123.48299999999999,123.38700000000001,0.0132,0.0132
13.11.2023 06:34:10.181 GMT-0800,123.464,123.38600000000001,0.0009,0.0132
13.11.2023 06:34:10.760 GMT-0800,123.463,123.38700000000001,0.009,0.0112
13.11.2023 06:34:10.811 GMT-0800,123.474,123.396,0.0132,0.0132
13.11.2023 06:34:11.238 GMT-0800,123.473,123.38700000000001,0.0132,0.0132
13.11.2023 06:34:11.289 GMT-0800,123.473,123.397,0.0132,0.0132
13.11.2023 06:34:11.390 GMT-0800,123.463,123.38700000000001,0.0009,0.0132
13.11.2023 06:34:11.441 GMT-0800,123.473,123.38700000000001,0.0132,0.0132
13.11.2023 06:34:11.531 GMT-0800,123.464,123.38600000000001,0.0009,0.0132
13.11.2023 06:34:11.865 GMT-0800,123.474,123.396,0.0132,0.0132
13.11.2023 06:34:12.017 GMT-0800,123.474,123.38600000000001,0.0132,0.0132
13.11.2023 06:34:12.067 GMT-0800,123.473,123.38700000000001,0.0132,0.0112
13.11.2023 06:34:12.438 GMT-0800,123.48299999999999,123.397,0.0132,0.0132
13.11.2023 06:34:12.556 GMT-0800,123.493,123.427,0.0132,0.0132
13.11.2023 06:34:12.885 GMT-0800,123.493,123.397,0.0132,0.0132
13.11.2023 06:34:13.610 GMT-0800,123.493,123.397,0.0132,0.0112
13.11.2023 06:34:13.661 GMT-0800,123.494,123.396,0.0132,0.0132
13.11.2023 06:34:13.968 GMT-0800,123.494,123.30600000000001,0.0132,0.0132
13.11.2023 06:34:14.288 GMT-0800,123.494,123.30600000000001,0.0132,0.0112
13.11.2023 06:34:14.549 GMT-0800,123.494,123.38600000000001,0.0132,0.0112
13.11.2023 06:34:14.600 GMT-0800,123.494,123.38600000000001,0.0132,0.0132
13.11.2023 06:34:14.651 GMT-0800,123.494,123.38600000000001,0.0132,0.0112
13.11.2023 06:34:14.752 GMT-0800,123.54299999999999,123.38700000000001,0.0132,0.0132
13.11.2023 06:34:14.874 GMT-0800,123.544,123.38600000000001,0.0132,0.0112
13.11.2023 06:34:15.036 GMT-0800,123.544,123.426,0.0132,0.0112
13.11.2023 06:34:15.088 GMT-0800,123.54299999999999,123.427,0.0132,0.0132
13.11.2023 06:34:15.681 GMT-0800,123.544,123.426,0.0132,0.0112
13.11.2023 06:34:17.039 GMT-0800,123.54299999999999,123.427,0.0132,0.0132
13.11.2023 06:34:17.719 GMT-0800,123.54299999999999,123.427,0.0132,0.0112
13.11.2023 06:34:17.827 GMT-0800,123.544,123.436,0.009,0.0112
13.11.2023 06:34:17.879 GMT-0800,123.563,123.46700000000001,0.0132,0.0132
13.11.2023 06:34:17.929 GMT-0800,123.564,123.46600000000001,0.0132,0.0112
13.11.2023 06:34:18.228 GMT-0800,123.524,123.47600000000001,0.0009,0.0132
13.11.2023 06:34:18.352 GMT-0800,123.514,123.47600000000001,0.0009,0.0132
13.11.2023 06:34:18.454 GMT-0800,123.524,123.47600000000001,0.0132,0.0132
13.11.2023 06:34:19.800 GMT-0800,123.514,123.47600000000001,0.0009,0.009
13.11.2023 06:34:19.852 GMT-0800,123.514,123.456,0.0132,0.0132
13.11.2023 06:34:20.317 GMT-0800,123.523,123.45700000000001,0.0132,0.0132
13.11.2023 06:34:22.367 GMT-0800,123.48299999999999,123.45700000000001,0.0009,0.009
13.11.2023 06:34:22.417 GMT-0800,123.494,123.426,0.0132,0.0132
13.11.2023 06:34:22.819 GMT-0800,123.494,123.41600000000001,0.0132,0.0132
13.11.2023 06:34:24.718 GMT-0800,123.493,123.41700000000002,0.0132,0.0112
13.11.2023 06:34:25.354 GMT-0800,123.493,123.40700000000001,0.0132,0.0132
13.11.2023 06:34:30.806 GMT-0800,123.493,123.40700000000001,0.009,0.0112
13.11.2023 06:34:30.857 GMT-0800,123.523,123.38700000000001,0.0132,0.0132
13.11.2023 06:34:32.791 GMT-0800,123.523,123.38700000000001,0.0132,0.0112
13.11.2023 06:34:33.499 GMT-0800,123.524,123.436,0.0132,0.0112
13.11.2023 06:34:33.600 GMT-0800,123.524,123.436,0.0132,0.0132
13.11.2023 06:34:33.800 GMT-0800,123.523,123.43700000000001,0.0132,0.0112
13.11.2023 06:34:33.851 GMT-0800,123.523,123.43700000000001,0.0132,0.0132
13.11.2023 06:34:33.911 GMT-0800,123.524,123.436,0.0132,0.0112
13.11.2023 06:34:34.392 GMT-0800,123.523,123.43700000000001,0.0132,0.0132
13.11.2023 06:34:34.713 GMT-0800,123.524,123.436,0.0132,0.0112
13.11.2023 06:34:34.865 GMT-0800,123.524,123.436,0.0132,0.0132
13.11.2023 06:34:34.972 GMT-0800,123.524,123.436,0.0132,0.0112
13.11.2023 06:34:36.232 GMT-0800,123.48299999999999,123.43700000000001,0.009,0.0112
13.11.2023 06:34:36.290 GMT-0800,123.48299999999999,123.43700000000001,0.009,0.0132
13.11.2023 06:34:36.803 GMT-0800,123.504,123.436,0.009,0.0132
13.11.2023 06:34:36.854 GMT-0800,123.523,123.43700000000001,0.0132,0.0132
13.11.2023 06:34:37.053 GMT-0800,123.48299999999999,123.43700000000001,0.0009,0.009
13.11.2023 06:34:37.154 GMT-0800,123.464,123.406,0.0132,0.0132
13.11.2023 06:34:37.770 GMT-0800,123.474,123.406,0.0132,0.0132
13.11.2023 06:34:37.831 GMT-0800,123.463,123.40700000000001,0.0009,0.0132
13.11.2023 06:34:38.162 GMT-0800,123.503,123.40700000000001,0.0132,0.0132
13.11.2023 06:34:40.358 GMT-0800,123.484,123.406,0.0132,0.0132
13.11.2023 06:34:41.386 GMT-0800,123.503,123.40700000000001,0.0132,0.0132
13.11.2023 06:34:41.859 GMT-0800,123.504,123.38600000000001,0.0132,0.0132
13.11.2023 06:34:47.672 GMT-0800,123.523,123.38700000000001,0.0132,0.0132
13.11.2023 06:34:48.140 GMT-0800,123.524,123.38600000000001,0.0132,0.0112
13.11.2023 06:34:49.333 GMT-0800,123.523,123.40700000000001,0.0132,0.0132
13.11.2023 06:34:50.525 GMT-0800,123.523,123.40700000000001,0.009,0.0112
13.11.2023 06:34:50.576 GMT-0800,123.644,123.486,0.0132,0.0132
13.11.2023 06:34:50.748 GMT-0800,123.684,123.486,0.0132,0.0132
13.11.2023 06:34:50.888 GMT-0800,123.73299999999999,123.48700000000001,0.0132,0.0132
13.11.2023 06:34:51.855 GMT-0800,123.73299999999999,123.48700000000001,0.0112,0.0132
13.11.2023 06:34:53.099 GMT-0800,123.714,123.536,0.0132,0.0009
13.11.2023 06:34:54.093 GMT-0800,123.714,123.546,0.0132,0.0009
13.11.2023 06:34:54.503 GMT-0800,123.713,123.55700000000002,0.0132,0.0009
13.11.2023 06:34:54.554 GMT-0800,123.714,123.546,0.0132,0.0132
13.11.2023 06:34:54.612 GMT-0800,123.713,123.55700000000002,0.0132,0.0009
13.11.2023 06:34:54.715 GMT-0800,123.714,123.546,0.0132,0.0132
13.11.2023 06:34:54.965 GMT-0800,123.734,123.546,0.0132,0.0132
13.11.2023 06:34:55.117 GMT-0800,123.73299999999999,123.55700000000002,0.0132,0.0009
13.11.2023 06:34:55.168 GMT-0800,123.734,123.546,0.0132,0.0132
13.11.2023 06:34:55.218 GMT-0800,123.734,123.55600000000001,0.0132,0.0132
13.11.2023 06:34:55.269 GMT-0800,123.734,123.546,0.0132,0.0132
13.11.2023 06:34:55.324 GMT-0800,123.73299999999999,123.55700000000002,0.0132,0.0132
13.11.2023 06:34:56.126 GMT-0800,123.734,123.596,0.0132,0.0009
13.11.2023 06:34:56.177 GMT-0800,123.73299999999999,123.55700000000002,0.0132,0.0132
13.11.2023 06:34:56.431 GMT-0800,123.73299999999999,123.48700000000001,0.0132,0.0132
13.11.2023 06:34:57.225 GMT-0800,123.73299999999999,123.59700000000001,0.0132,0.0009
13.11.2023 06:34:57.381 GMT-0800,123.734,123.60600000000001,0.0132,0.0009
13.11.2023 06:35:00.185 GMT-0800,123.734,123.60600000000001,0.0112,0.009
13.11.2023 06:35:00.396 GMT-0800,123.633,123.48700000000001,0.0132,0.0132
13.11.2023 06:35:06.234 GMT-0800,123.73299999999999,123.56700000000001,0.0132,0.0132
13.11.2023 06:35:06.355 GMT-0800,123.734,123.486,0.0132,0.0132
13.11.2023 06:35:06.484 GMT-0800,123.73299999999999,123.56700000000001,0.0132,0.0009
13.11.2023 06:35:06.963 GMT-0800,123.73299999999999,123.48700000000001,0.0132,0.0132
13.11.2023 06:35:08.307 GMT-0800,123.73299999999999,123.507,0.0132,0.0009
13.11.2023 06:35:09.092 GMT-0800,123.734,123.506,0.0112,0.0132
13.11.2023 06:35:09.667 GMT-0800,123.68299999999999,123.507,0.0112,0.0132
13.11.2023 06:35:09.819 GMT-0800,123.634,123.486,0.009,0.0132
13.11.2023 06:35:10.006 GMT-0800,123.643,123.48700000000001,0.009,0.0132
13.11.2023 06:35:10.057 GMT-0800,123.684,123.486,0.0132,0.0132
13.11.2023 06:35:11.866 GMT-0800,123.68299999999999,123.507,0.0132,0.0009
13.11.2023 06:35:12.699 GMT-0800,123.68299999999999,123.507,0.0112,0.009
13.11.2023 06:35:12.801 GMT-0800,123.614,123.536,0.0132,0.0132
13.11.2023 06:35:12.937 GMT-0800,123.614,123.546,0.0132,0.0132
13.11.2023 06:35:13.063 GMT-0800,123.73299999999999,123.54700000000001,0.0132,0.0132
13.11.2023 06:35:13.544 GMT-0800,123.734,123.546,0.0112,0.0132
13.11.2023 06:35:13.595 GMT-0800,123.633,123.537,0.0132,0.0132
13.11.2023 06:35:13.702 GMT-0800,123.633,123.48700000000001,0.0132,0.0132
13.11.2023 06:35:17.452 GMT-0800,123.643,123.48700000000001,0.0132,0.0132
13.11.2023 06:35:17.503 GMT-0800,123.643,123.587,0.0132,0.0132
13.11.2023 06:35:17.626 GMT-0800,123.643,123.48700000000001,0.0132,0.0132
13.11.2023 06:35:17.733 GMT-0800,123.643,123.48700000000001,0.0112,0.0132
13.11.2023 06:35:17.784 GMT-0800,123.643,123.48700000000001,0.0132,0.0132
13.11.2023 06:35:18.093 GMT-0800,123.644,123.57600000000001,0.0132,0.009
13.11.2023 06:35:18.143 GMT-0800,123.644,123.486,0.0132,0.0132
13.11.2023 06:35:18.411 GMT-0800,123.643,123.57700000000001,0.0132,0.0009
13.11.2023 06:35:18.462 GMT-0800,123.643,123.48700000000001,0.0132,0.0132
13.11.2023 06:35:18.667 GMT-0800,123.643,123.57700000000001,0.0132,0.0009
13.11.2023 06:35:19.942 GMT-0800,123.644,123.536,0.0132,0.0132
13.11.2023 06:35:20.589 GMT-0800,123.644,123.536,0.0112,0.0132
13.11.2023 06:35:20.691 GMT-0800,123.644,123.536,0.0132,0.0132
13.11.2023 06:35:20.781 GMT-0800,123.643,123.537,0.0112,0.0132
13.11.2023 06:35:21.192 GMT-0800,123.644,123.536,0.0132,0.0132
13.11.2023 06:35:21.302 GMT-0800,123.644,123.536,0.0112,0.0132
13.11.2023 06:35:24.518 GMT-0800,123.633,123.54700000000001,0.0132,0.0009
13.11.2023 06:35:24.569 GMT-0800,123.634,123.536,0.0132,0.0132
13.11.2023 06:35:24.819 GMT-0800,123.633,123.54700000000001,0.0132,0.0009
13.11.2023 06:35:24.920 GMT-0800,123.634,123.536,0.0132,0.0132
13.11.2023 06:35:25.138 GMT-0800,123.634,123.58600000000001,0.009,0.0009
13.11.2023 06:35:25.189 GMT-0800,123.643,123.537,0.0132,0.0132
13.11.2023 06:35:25.242 GMT-0800,123.644,123.58600000000001,0.0132,0.0009
13.11.2023 06:35:25.292 GMT-0800,123.643,123.537,0.0132,0.0132
13.11.2023 06:35:25.347 GMT-0800,123.643,123.57700000000001,0.0132,0.0009
13.11.2023 06:35:25.523 GMT-0800,123.644,123.536,0.0132,0.0132
13.11.2023 06:35:26.984 GMT-0800,123.643,123.537,0.0112,0.0132
13.11.2023 06:35:27.036 GMT-0800,123.643,123.537,0.0132,0.0132
13.11.2023 06:35:27.552 GMT-0800,123.643,123.59700000000001,0.0132,0.0009
13.11.2023 06:35:27.812 GMT-0800,123.67399999999999,123.536,0.0132,0.0132
13.11.2023 06:35:28.016 GMT-0800,123.73299999999999,123.537,0.0132,0.0132
13.11.2023 06:35:29.508 GMT-0800,123.734,123.626,0.0132,0.0009
13.11.2023 06:35:29.956 GMT-0800,123.734,123.626,0.0112,0.0132
13.11.2023 06:35:31.076 GMT-0800,123.704,123.646,0.0132,0.0009
13.11.2023 06:35:31.127 GMT-0800,123.70299999999999,123.63700000000001,0.0132,0.0009
13.11.2023 06:35:31.461 GMT-0800,123.714,123.63600000000001,0.0132,0.0132
13.11.2023 06:35:31.562 GMT-0800,123.734,123.63600000000001,0.0132,0.0132
13.11.2023 06:35:31.972 GMT-0800,123.734,123.626,0.0132,0.0132
13.11.2023 06:35:32.431 GMT-0800,123.73299999999999,123.537,0.0132,0.0132
13.11.2023 06:35:32.573 GMT-0800,123.73299999999999,123.59700000000001,0.0132,0.0009
13.11.2023 06:35:32.931 GMT-0800,123.73299999999999,123.60700000000001,0.0132,0.009
13.11.2023 06:35:32.982 GMT-0800,123.734,123.536,0.0132,0.0132
13.11.2023 06:35:34.249 GMT-0800,123.73299999999999,123.647,0.0132,0.0009
13.11.2023 06:35:34.504 GMT-0800,123.833,123.647,0.0132,0.0132
13.11.2023 06:35:36.138 GMT-0800,123.833,123.647,0.0112,0.0132
13.11.2023 06:35:39.248 GMT-0800,123.743,123.677,0.0132,0.0009
13.11.2023 06:35:39.972 GMT-0800,123.743,123.70700000000001,0.009,0.0009
13.11.2023 06:35:40.022 GMT-0800,123.74799999999999,123.677,0.009,0.0132
13.11.2023 06:35:40.073 GMT-0800,123.893,123.677,0.0132,0.0132
13.11.2023 06:35:40.296 GMT-0800,123.893,123.70700000000001,0.0132,0.0009
13.11.2023 06:35:40.556 GMT-0800,123.894,123.676,0.0132,0.0132
13.11.2023 06:35:40.770 GMT-0800,123.893,123.70700000000001,0.0132,0.0009
13.11.2023 06:35:41.759 GMT-0800,123.893,123.70700000000001,0.0112,0.0132
13.11.2023 06:35:41.810 GMT-0800,123.76299999999999,123.677,0.0132,0.0132
13.11.2023 06:35:42.270 GMT-0800,123.76299999999999,123.68700000000001,0.0132,0.0009
13.11.2023 06:35:43.451 GMT-0800,123.764,123.69600000000001,0.009,0.0009
13.11.2023 06:35:43.502 GMT-0800,123.864,123.72600000000001,0.0132,0.0009
13.11.2023 06:35:43.603 GMT-0800,123.863,123.69700000000002,0.0132,0.0132
13.11.2023 06:35:43.654 GMT-0800,123.893,123.69700000000002,0.0132,0.0132
13.11.2023 06:35:43.725 GMT-0800,123.893,123.727,0.0132,0.0009
13.11.2023 06:35:43.828 GMT-0800,123.893,123.73700000000001,0.0132,0.0009
13.11.2023 06:35:43.929 GMT-0800,123.893,123.69700000000002,0.0132,0.0132
13.11.2023 06:35:43.979 GMT-0800,123.894,123.72600000000001,0.0132,0.0009
13.11.2023 06:35:44.080 GMT-0800,123.893,123.69700000000002,0.0132,0.0132
13.11.2023 06:35:44.131 GMT-0800,123.894,123.72600000000001,0.0132,0.0132
13.11.2023 06:35:44.239 GMT-0800,123.893,123.73700000000001,0.0132,0.0009
13.11.2023 06:35:44.290 GMT-0800,123.893,123.69700000000002,0.0132,0.0132
13.11.2023 06:35:44.620 GMT-0800,123.893,123.73700000000001,0.0132,0.0009
13.11.2023 06:35:44.721 GMT-0800,123.893,123.74700000000001,0.0132,0.0132
13.11.2023 06:35:46.263 GMT-0800,123.893,123.69700000000002,0.0132,0.0132
13.11.2023 06:35:47.295 GMT-0800,123.894,123.766,0.0132,0.0009
13.11.2023 06:35:47.453 GMT-0800,123.893,123.69700000000002,0.0132,0.0132
13.11.2023 06:35:47.578 GMT-0800,123.894,123.77600000000001,0.0132,0.0009
13.11.2023 06:35:47.953 GMT-0800,123.894,123.69600000000001,0.0132,0.0132
13.11.2023 06:35:48.260 GMT-0800,123.893,123.77700000000002,0.0132,0.0009
13.11.2023 06:35:48.467 GMT-0800,123.893,123.69700000000002,0.0132,0.0132
13.11.2023 06:35:48.593 GMT-0800,123.894,123.77600000000001,0.0132,0.0009
13.11.2023 06:35:48.643 GMT-0800,123.894,123.69600000000001,0.0132,0.0132
13.11.2023 06:35:51.737 GMT-0800,123.893,123.787,0.0132,0.0009
13.11.2023 06:35:52.297 GMT-0800,123.894,123.77600000000001,0.0132,0.0132
13.11.2023 06:35:52.592 GMT-0800,123.893,123.77700000000002,0.0112,0.0132
13.11.2023 06:35:53.802 GMT-0800,123.863,123.787,0.0132,0.0009
13.11.2023 06:35:54.379 GMT-0800,123.863,123.77700000000002,0.0132,0.0132
13.11.2023 06:35:55.100 GMT-0800,123.863,123.77700000000002,0.0112,0.0132
13.11.2023 06:35:55.202 GMT-0800,123.863,123.77700000000002,0.0132,0.0132
13.11.2023 06:35:55.632 GMT-0800,123.863,123.77700000000002,0.0112,0.009
13.11.2023 06:35:55.683 GMT-0800,123.823,123.69700000000002,0.009,0.0132
13.11.2023 06:35:55.734 GMT-0800,123.84299999999999,123.69700000000002,0.0132,0.0132
13.11.2023 06:35:56.479 GMT-0800,123.84299999999999,123.71700000000001,0.0132,0.0009
13.11.2023 06:35:56.583 GMT-0800,123.844,123.69600000000001,0.0132,0.0132
13.11.2023 06:35:56.689 GMT-0800,123.864,123.69600000000001,0.0132,0.0132
13.11.2023 06:35:56.947 GMT-0800,123.893,123.69700000000002,0.0132,0.0132
13.11.2023 06:35:57.404 GMT-0800,123.893,123.757,0.0132,0.0009
13.11.2023 06:35:58.694 GMT-0800,123.893,123.79700000000001,0.0132,0.009
13.11.2023 06:35:58.748 GMT-0800,123.893,123.757,0.0132,0.0132
13.11.2023 06:35:59.360 GMT-0800,123.893,123.787,0.0132,0.0009
13.11.2023 06:35:59.758 GMT-0800,123.893,123.77700000000002,0.0132,0.0132
13.11.2023 06:36:00.134 GMT-0800,123.893,123.77700000000002,0.0112,0.009
13.11.2023 06:36:00.235 GMT-0800,123.803,123.69700000000002,0.0132,0.0132
13.11.2023 06:36:00.673 GMT-0800,123.803,123.68700000000001,0.0132,0.0132
13.11.2023 06:36:03.183 GMT-0800,123.834,123.686,0.0132,0.0132
13.11.2023 06:36:05.911 GMT-0800,123.833,123.68700000000001,0.0112,0.009
13.11.2023 06:36:05.962 GMT-0800,123.834,123.686,0.0112,0.009
13.11.2023 06:36:06.013 GMT-0800,123.744,123.676,0.0132,0.0132
13.11.2023 06:36:06.242 GMT-0800,123.744,123.676,0.0112,0.0132
13.11.2023 06:36:06.711 GMT-0800,123.73299999999999,123.677,0.0112,0.0132
13.11.2023 06:36:06.761 GMT-0800,123.734,123.676,0.0132,0.0132
13.11.2023 06:36:06.874 GMT-0800,123.73299999999999,123.677,0.0112,0.0132
13.11.2023 06:36:07.417 GMT-0800,123.734,123.676,0.0132,0.0132
13.11.2023 06:36:07.482 GMT-0800,123.734,123.676,0.0112,0.0132
13.11.2023 06:36:08.368 GMT-0800,123.73299999999999,123.677,0.0132,0.0132
13.11.2023 06:36:09.610 GMT-0800,123.734,123.676,0.0112,0.0132
13.11.2023 06:36:10.838 GMT-0800,123.723,123.66700000000002,0.0132,0.0132
13.11.2023 06:36:11.887 GMT-0800,123.734,123.66600000000001,0.0132,0.0132
13.11.2023 06:36:11.937 GMT-0800,123.724,123.66600000000001,0.0132,0.0132
13.11.2023 06:36:12.118 GMT-0800,123.73299999999999,123.66700000000002,0.0132,0.0132
13.11.2023 06:36:12.188 GMT-0800,123.734,123.66600000000001,0.0112,0.0132
13.11.2023 06:36:12.758 GMT-0800,123.724,123.662,0.0112,0.009
13.11.2023 06:36:12.809 GMT-0800,123.684,123.536,0.0132,0.0132
13.11.2023 06:36:13.438 GMT-0800,123.68299999999999,123.59700000000001,0.0132,0.0009
13.11.2023 06:36:13.605 GMT-0800,123.68299999999999,123.537,0.0132,0.0132
13.11.2023 06:36:14.370 GMT-0800,123.684,123.596,0.0132,0.0009
13.11.2023 06:36:15.506 GMT-0800,123.684,123.60600000000001,0.0132,0.0009
13.11.2023 06:36:15.607 GMT-0800,123.68299999999999,123.59700000000001,0.0132,0.0132
13.11.2023 06:36:15.709 GMT-0800,123.68299999999999,123.60700000000001,0.0132,0.0132
13.11.2023 06:36:15.759 GMT-0800,123.68299999999999,123.59700000000001,0.0132,0.0132
13.11.2023 06:36:17.769 GMT-0800,123.684,123.596,0.0112,0.009
13.11.2023 06:36:17.819 GMT-0800,123.68299999999999,123.59700000000001,0.0132,0.0132
13.11.2023 06:36:18.622 GMT-0800,123.68299999999999,123.59700000000001,0.0112,0.0132
13.11.2023 06:36:18.723 GMT-0800,123.664,123.60600000000001,0.0132,0.0132
13.11.2023 06:36:19.302 GMT-0800,123.663,123.62700000000001,0.009,0.0009
13.11.2023 06:36:19.352 GMT-0800,123.684,123.626,0.0132,0.0132
13.11.2023 06:36:20.165 GMT-0800,123.694,123.626,0.0132,0.0132
13.11.2023 06:36:20.522 GMT-0800,123.693,123.62700000000001,0.0112,0.0132
13.11.2023 06:36:20.573 GMT-0800,123.694,123.626,0.0132,0.0132
13.11.2023 06:36:20.714 GMT-0800,123.693,123.63700000000001,0.009,0.0009
13.11.2023 06:36:20.765 GMT-0800,123.744,123.646,0.0132,0.0132
13.11.2023 06:36:21.160 GMT-0800,123.743,123.68700000000001,0.009,0.0009
13.11.2023 06:36:21.210 GMT-0800,123.834,123.686,0.0132,0.0132
13.11.2023 06:36:21.263 GMT-0800,123.833,123.69700000000002,0.0132,0.0009
13.11.2023 06:36:22.248 GMT-0800,123.833,123.69700000000002,0.0112,0.009
13.11.2023 06:36:22.299 GMT-0800,123.764,123.566,0.0132,0.0132
13.11.2023 06:36:23.998 GMT-0800,123.764,123.536,0.0132,0.0132
13.11.2023 06:36:24.586 GMT-0800,123.764,123.66600000000001,0.0132,0.0009
13.11.2023 06:36:24.854 GMT-0800,123.774,123.58600000000001,0.0132,0.0132
13.11.2023 06:36:25.269 GMT-0800,123.773,123.587,0.0112,0.0132
13.11.2023 06:36:25.320 GMT-0800,123.774,123.58600000000001,0.0132,0.0132
13.11.2023 06:36:25.718 GMT-0800,123.773,123.69700000000002,0.0132,0.0009
13.11.2023 06:36:25.930 GMT-0800,123.773,123.69700000000002,0.0112,0.009
13.11.2023 06:36:25.980 GMT-0800,123.76299999999999,123.587,0.0132,0.0132
13.11.2023 06:36:26.155 GMT-0800,123.76299999999999,123.55700000000002,0.0132,0.0132
13.11.2023 06:36:26.955 GMT-0800,123.76299999999999,123.587,0.0132,0.0009
13.11.2023 06:36:30.404 GMT-0800,123.764,123.676,0.0132,0.0009
13.11.2023 06:36:31.578 GMT-0800,123.773,123.70700000000001,0.0112,0.009
13.11.2023 06:36:31.636 GMT-0800,123.774,123.69600000000001,0.0112,0.0132
13.11.2023 06:36:32.019 GMT-0800,123.774,123.69600000000001,0.0132,0.0132
13.11.2023 06:36:32.190 GMT-0800,123.773,123.69700000000002,0.0112,0.009
13.11.2023 06:36:32.389 GMT-0800,123.764,123.676,0.0132,0.0132
13.11.2023 06:36:33.628 GMT-0800,123.76299999999999,123.677,0.0112,0.009
13.11.2023 06:36:33.679 GMT-0800,123.753,123.587,0.0132,0.0132
13.11.2023 06:36:33.982 GMT-0800,123.76299999999999,123.68700000000001,0.0132,0.0132
13.11.2023 06:36:34.269 GMT-0800,123.76299999999999,123.68700000000001,0.0112,0.0132
13.11.2023 06:36:34.320 GMT-0800,123.76299999999999,123.587,0.0132,0.0132
13.11.2023 06:36:34.502 GMT-0800,123.76299999999999,123.55700000000002,0.0132,0.0132
13.11.2023 06:36:34.759 GMT-0800,123.76299999999999,123.677,0.0132,0.0009
13.11.2023 06:36:34.810 GMT-0800,123.764,123.66600000000001,0.0132,0.0132
13.11.2023 06:36:35.453 GMT-0800,123.764,123.676,0.0132,0.0009
13.11.2023 06:36:35.554 GMT-0800,123.764,123.66600000000001,0.0132,0.0132
13.11.2023 06:36:35.620 GMT-0800,123.76299999999999,123.677,0.0132,0.0009
13.11.2023 06:36:35.670 GMT-0800,123.764,123.66600000000001,0.0132,0.0132
13.11.2023 06:36:36.174 GMT-0800,123.76299999999999,123.677,0.0132,0.0009
13.11.2023 06:36:36.577 GMT-0800,123.764,123.55600000000001,0.0132,0.0132
13.11.2023 06:36:36.677 GMT-0800,123.764,123.57600000000001,0.0132,0.0009
13.11.2023 06:36:36.779 GMT-0800,123.73299999999999,123.57700000000001,0.0132,0.0132
13.11.2023 06:36:37.264 GMT-0800,123.73299999999999,123.55700000000002,0.0132,0.0132
13.11.2023 06:36:38.135 GMT-0800,123.734,123.66600000000001,0.0132,0.0009
13.11.2023 06:36:38.287 GMT-0800,123.73299999999999,123.55700000000002,0.0132,0.0132
13.11.2023 06:36:38.438 GMT-0800,123.73299999999999,123.59700000000001,0.009,0.0009
13.11.2023 06:36:38.489 GMT-0800,123.764,123.596,0.0132,0.0132
13.11.2023 06:36:38.658 GMT-0800,123.774,123.55600000000001,0.0132,0.0132
13.11.2023 06:36:38.709 GMT-0800,123.774,123.58600000000001,0.0132,0.0132
13.11.2023 06:36:38.853 GMT-0800,123.774,123.71600000000001,0.009,0.0009
13.11.2023 06:36:38.904 GMT-0800,123.833,123.617,0.0132,0.0132
13.11.2023 06:36:39.144 GMT-0800,123.833,123.587,0.0132,0.0132
13.11.2023 06:36:39.405 GMT-0800,123.833,123.70700000000001,0.0132,0.0009
13.11.2023 06:36:39.507 GMT-0800,123.833,123.727,0.0132,0.0132
13.11.2023 06:36:39.558 GMT-0800,123.833,123.70700000000001,0.0132,0.0132
13.11.2023 06:36:41.216 GMT-0800,123.834,123.706,0.0112,0.009
13.11.2023 06:36:41.271 GMT-0800,123.814,123.58600000000001,0.0132,0.0132
13.11.2023 06:36:41.707 GMT-0800,123.814,123.55600000000001,0.0132,0.0132
13.11.2023 06:36:42.281 GMT-0800,123.834,123.55600000000001,0.0132,0.0132
13.11.2023 06:36:42.408 GMT-0800,123.834,123.66600000000001,0.0132,0.0009
13.11.2023 06:36:43.012 GMT-0800,123.834,123.55600000000001,0.0132,0.0132
13.11.2023 06:36:43.063 GMT-0800,123.834,123.55600000000001,0.0112,0.0132
13.11.2023 06:36:43.990 GMT-0800,123.744,123.55600000000001,0.0112,0.0132
13.11.2023 06:36:44.041 GMT-0800,123.744,123.55600000000001,0.0132,0.0132
13.11.2023 06:36:44.413 GMT-0800,123.744,123.66600000000001,0.0132,0.0009
13.11.2023 06:36:45.691 GMT-0800,123.743,123.677,0.0132,0.0009
13.11.2023 06:36:45.962 GMT-0800,123.743,123.66700000000002,0.0112,0.0132
13.11.2023 06:36:46.013 GMT-0800,123.744,123.676,0.0132,0.0132
13.11.2023 06:36:46.172 GMT-0800,123.744,123.66600000000001,0.0132,0.0132
13.11.2023 06:36:46.254 GMT-0800,123.744,123.676,0.0132,0.0009
13.11.2023 06:36:46.356 GMT-0800,123.744,123.66600000000001,0.0132,0.0132
13.11.2023 06:36:46.828 GMT-0800,123.744,123.676,0.0132,0.0009
13.11.2023 06:36:46.929 GMT-0800,123.743,123.66700000000002,0.0132,0.0132
13.11.2023 06:36:46.980 GMT-0800,123.743,123.677,0.0132,0.0132
13.11.2023 06:36:47.031 GMT-0800,123.743,123.66700000000002,0.0132,0.0132
13.11.2023 06:36:48.594 GMT-0800,123.743,123.677,0.0112,0.0009
13.11.2023 06:36:48.645 GMT-0800,123.753,123.677,0.0132,0.0132
13.11.2023 06:36:48.966 GMT-0800,123.834,123.676,0.0132,0.0132
13.11.2023 06:36:49.088 GMT-0800,123.834,123.676,0.0112,0.0132
13.11.2023 06:36:50.151 GMT-0800,123.833,123.677,0.0132,0.0132
13.11.2023 06:36:50.793 GMT-0800,123.834,123.686,0.0132,0.0009
13.11.2023 06:36:50.844 GMT-0800,123.834,123.676,0.0132,0.0132
13.11.2023 06:36:50.931 GMT-0800,123.834,123.686,0.0132,0.0009
13.11.2023 06:36:51.170 GMT-0800,123.834,123.676,0.0132,0.0132
13.11.2023 06:36:51.221 GMT-0800,123.833,123.68700000000001,0.0132,0.0009
13.11.2023 06:36:53.306 GMT-0800,123.834,123.676,0.0132,0.0132
13.11.2023 06:36:53.457 GMT-0800,123.833,123.68700000000001,0.0132,0.0009
13.11.2023 06:36:53.558 GMT-0800,123.833,123.677,0.0132,0.0132
13.11.2023 06:36:53.627 GMT-0800,123.833,123.68700000000001,0.0132,0.0009
13.11.2023 06:36:53.678 GMT-0800,123.834,123.676,0.0132,0.0132
13.11.2023 06:36:54.062 GMT-0800,123.833,123.68700000000001,0.0132,0.0009
13.11.2023 06:36:54.112 GMT-0800,123.834,123.676,0.0132,0.0132
13.11.2023 06:36:54.501 GMT-0800,123.834,123.686,0.0132,0.0009
13.11.2023 06:36:54.704 GMT-0800,123.834,123.676,0.0132,0.0132
13.11.2023 06:36:54.927 GMT-0800,123.833,123.68700000000001,0.0132,0.0009
13.11.2023 06:36:55.239 GMT-0800,123.833,123.677,0.0132,0.0132
13.11.2023 06:36:55.290 GMT-0800,123.833,123.68700000000001,0.0132,0.0132
13.11.2023 06:36:55.394 GMT-0800,123.833,123.677,0.0112,0.0132
13.11.2023 06:36:56.644 GMT-0800,123.764,123.676,0.0112,0.0132
13.11.2023 06:36:56.695 GMT-0800,123.76299999999999,123.677,0.009,0.009
13.11.2023 06:36:56.747 GMT-0800,123.784,123.66600000000001,0.0132,0.0132
13.11.2023 06:36:56.968 GMT-0800,123.783,123.677,0.0132,0.0009
13.11.2023 06:36:57.382 GMT-0800,123.833,123.677,0.0132,0.0132
13.11.2023 06:36:57.822 GMT-0800,123.833,123.68700000000001,0.0132,0.0009
13.11.2023 06:36:58.328 GMT-0800,123.834,123.60600000000001,0.0132,0.0132
13.11.2023 06:36:58.445 GMT-0800,123.833,123.727,0.0132,0.0009
13.11.2023 06:36:58.496 GMT-0800,123.834,123.60600000000001,0.0132,0.0132
13.11.2023 06:36:58.670 GMT-0800,123.833,123.57700000000001,0.0132,0.0132
13.11.2023 06:36:59.326 GMT-0800,123.834,123.616,0.0132,0.0009
13.11.2023 06:36:59.721 GMT-0800,123.833,123.71700000000001,0.0132,0.0009
13.11.2023 06:37:00.091 GMT-0800,123.834,123.72600000000001,0.0132,0.0009
13.11.2023 06:37:00.142 GMT-0800,123.834,123.71600000000001,0.0132,0.0132
13.11.2023 06:37:01.230 GMT-0800,123.833,123.617,0.0132,0.0132
13.11.2023 06:37:06.004 GMT-0800,123.834,123.646,0.0132,0.0009
13.11.2023 06:37:06.457 GMT-0800,123.833,123.74700000000001,0.0132,0.0132
13.11.2023 06:37:06.638 GMT-0800,123.833,123.74700000000001,0.0112,0.0132
13.11.2023 06:37:06.746 GMT-0800,123.823,123.76700000000001,0.009,0.0009
13.11.2023 06:37:06.797 GMT-0800,123.833,123.757,0.0132,0.0132
13.11.2023 06:37:06.849 GMT-0800,123.833,123.76700000000001,0.0132,0.0132
13.11.2023 06:37:07.171 GMT-0800,123.894,123.766,0.0132,0.0132
13.11.2023 06:37:07.643 GMT-0800,123.893,123.787,0.0132,0.0009
13.11.2023 06:37:07.933 GMT-0800,123.894,123.786,0.0112,0.0132
13.11.2023 06:37:07.984 GMT-0800,123.863,123.787,0.0132,0.0132
13.11.2023 06:37:08.038 GMT-0800,123.864,123.786,0.0112,0.0132
13.11.2023 06:37:08.139 GMT-0800,123.854,123.766,0.0132,0.0132
13.11.2023 06:37:09.726 GMT-0800,123.874,123.766,0.0132,0.0132
13.11.2023 06:37:10.388 GMT-0800,123.874,123.766,0.0112,0.009
13.11.2023 06:37:10.439 GMT-0800,123.833,123.757,0.0132,0.0132
13.11.2023 06:37:10.861 GMT-0800,123.834,123.766,0.0132,0.0009
13.11.2023 06:37:11.159 GMT-0800,123.834,123.77600000000001,0.0132,0.0009
13.11.2023 06:37:11.471 GMT-0800,123.84299999999999,123.77700000000002,0.0132,0.0132
13.11.2023 06:37:11.522 GMT-0800,123.844,123.786,0.0112,0.0132
13.11.2023 06:37:12.587 GMT-0800,123.834,123.786,0.0112,0.009
13.11.2023 06:37:12.638 GMT-0800,123.813,123.757,0.0132,0.0132
13.11.2023 06:37:12.713 GMT-0800,123.813,123.76700000000001,0.009,0.0009
13.11.2023 06:37:12.764 GMT-0800,123.834,123.756,0.0132,0.0132
13.11.2023 06:37:14.442 GMT-0800,123.833,123.68700000000001,0.0132,0.0132
13.11.2023 06:37:14.757 GMT-0800,123.834,123.71600000000001,0.0132,0.0009
13.11.2023 06:37:14.868 GMT-0800,123.834,123.72600000000001,0.0132,0.0132
13.11.2023 06:37:15.093 GMT-0800,123.834,123.71600000000001,0.0132,0.0132
13.11.2023 06:37:15.394 GMT-0800,123.833,123.727,0.0132,0.0009
13.11.2023 06:37:15.496 GMT-0800,123.833,123.71700000000001,0.0132,0.0132
13.11.2023 06:37:15.629 GMT-0800,123.833,123.727,0.0132,0.0132
13.11.2023 06:37:15.732 GMT-0800,123.833,123.71700000000001,0.0132,0.0132
13.11.2023 06:37:15.789 GMT-0800,123.834,123.72600000000001,0.0132,0.0009
13.11.2023 06:37:15.840 GMT-0800,123.833,123.71700000000001,0.0132,0.0132
13.11.2023 06:37:16.469 GMT-0800,123.834,123.71600000000001,0.0112,0.0132
13.11.2023 06:37:16.520 GMT-0800,123.854,123.71600000000001,0.0132,0.0132
13.11.2023 06:37:17.321 GMT-0800,123.854,123.72600000000001,0.0132,0.0009
13.11.2023 06:37:17.560 GMT-0800,123.853,123.727,0.0112,0.0132
13.11.2023 06:37:17.951 GMT-0800,123.824,123.71600000000001,0.0132,0.0132
13.11.2023 06:37:18.010 GMT-0800,123.823,123.727,0.0132,0.0009
13.11.2023 06:37:18.111 GMT-0800,123.853,123.727,0.0132,0.0132
13.11.2023 06:37:18.648 GMT-0800,123.853,123.727,0.0112,0.0132
13.11.2023 06:37:18.791 GMT-0800,123.823,123.727,0.0112,0.0132
13.11.2023 06:37:18.842 GMT-0800,123.854,123.71600000000001,0.0132,0.0132
13.11.2023 06:37:19.722 GMT-0800,123.853,123.727,0.0132,0.0009
13.11.2023 06:37:19.873 GMT-0800,123.854,123.71600000000001,0.0132,0.0132
13.11.2023 06:37:20.140 GMT-0800,123.854,123.72600000000001,0.0132,0.0009
13.11.2023 06:37:20.292 GMT-0800,123.853,123.71700000000001,0.0132,0.0132
13.11.2023 06:37:20.710 GMT-0800,123.853,123.727,0.0132,0.0009
13.11.2023 06:37:21.148 GMT-0800,123.853,123.71700000000001,0.0132,0.0132
13.11.2023 06:37:21.513 GMT-0800,123.854,123.72600000000001,0.0132,0.0009
13.11.2023 06:37:21.705 GMT-0800,123.853,123.757,0.0132,0.0009
13.11.2023 06:37:21.756 GMT-0800,123.854,123.72600000000001,0.0132,0.0132
13.11.2023 06:37:23.370 GMT-0800,123.854,123.77600000000001,0.0132,0.0009
13.11.2023 06:37:24.201 GMT-0800,123.853,123.79700000000001,0.0132,0.0009
13.11.2023 06:37:24.303 GMT-0800,123.854,123.77600000000001,0.0132,0.0132
13.11.2023 06:37:25.467 GMT-0800,123.854,123.796,0.0132,0.0009
13.11.2023 06:37:25.568 GMT-0800,123.854,123.77600000000001,0.0132,0.0132
13.11.2023 06:37:25.916 GMT-0800,123.854,123.72600000000001,0.0132,0.0132
13.11.2023 06:37:26.777 GMT-0800,123.854,123.766,0.0132,0.0132
13.11.2023 06:37:27.007 GMT-0800,123.854,123.72600000000001,0.0132,0.0132
13.11.2023 06:37:28.300 GMT-0800,123.853,123.71700000000001,0.0132,0.0132
13.11.2023 06:37:28.443 GMT-0800,123.854,123.71600000000001,0.0112,0.0132
13.11.2023 06:37:28.494 GMT-0800,123.854,123.71600000000001,0.0132,0.0132
13.11.2023 06:37:28.659 GMT-0800,123.854,123.71600000000001,0.0112,0.009
13.11.2023 06:37:28.710 GMT-0800,123.784,123.616,0.009,0.0132
13.11.2023 06:37:29.830 GMT-0800,123.854,123.616,0.0132,0.009
13.11.2023 06:37:31.616 GMT-0800,123.853,123.68700000000001,0.0132,0.0009
13.11.2023 06:37:33.273 GMT-0800,123.854,123.71600000000001,0.0132,0.0132
13.11.2023 06:37:33.704 GMT-0800,123.853,123.727,0.0112,0.0009
13.11.2023 06:37:33.805 GMT-0800,123.813,123.73700000000001,0.0132,0.0132
13.11.2023 06:37:34.225 GMT-0800,123.814,123.74600000000001,0.0132,0.0009
13.11.2023 06:37:36.230 GMT-0800,123.814,123.766,0.0132,0.0009
13.11.2023 06:37:38.276 GMT-0800,123.79299999999999,123.74700000000001,0.0132,0.0132
13.11.2023 06:37:40.088 GMT-0800,123.813,123.74700000000001,0.0132,0.0132
13.11.2023 06:37:40.162 GMT-0800,123.814,123.756,0.009,0.0009
13.11.2023 06:37:40.212 GMT-0800,123.824,123.756,0.0132,0.0132
13.11.2023 06:37:40.803 GMT-0800,123.823,123.757,0.0112,0.0132
13.11.2023 06:37:41.005 GMT-0800,123.814,123.74600000000001,0.0132,0.0132
13.11.2023 06:37:41.062 GMT-0800,123.814,123.756,0.0132,0.0009
13.11.2023 06:37:41.163 GMT-0800,123.824,123.756,0.0132,0.0132
13.11.2023 06:37:41.601 GMT-0800,123.823,123.757,0.0112,0.0132
13.11.2023 06:37:41.702 GMT-0800,123.823,123.757,0.0132,0.0132
13.11.2023 06:37:42.716 GMT-0800,123.824,123.756,0.0112,0.0132
13.11.2023 06:37:42.767 GMT-0800,123.814,123.74600000000001,0.0132,0.0132
13.11.2023 06:37:43.838 GMT-0800,123.813,123.74700000000001,0.0112,0.009
13.11.2023 06:37:43.890 GMT-0800,123.813,123.74700000000001,0.0132,0.009
13.11.2023 06:37:43.979 GMT-0800,123.813,123.69700000000002,0.0132,0.0132
13.11.2023 06:37:46.148 GMT-0800,123.814,123.69600000000001,0.0112,0.0132
13.11.2023 06:37:46.199 GMT-0800,123.813,123.69700000000002,0.0132,0.0132
13.11.2023 06:37:46.747 GMT-0800,123.813,123.727,0.0132,0.0009
13.11.2023 06:37:48.785 GMT-0800,123.814,123.74600000000001,0.0132,0.0132
13.11.2023 06:37:49.557 GMT-0800,123.814,123.74600000000001,0.0112,0.009
13.11.2023 06:37:49.608 GMT-0800,123.814,123.74600000000001,0.0132,0.009
13.11.2023 06:37:49.661 GMT-0800,123.814,123.71600000000001,0.0132,0.0132
13.11.2023 06:37:50.082 GMT-0800,123.813,123.73700000000001,0.0132,0.0009
13.11.2023 06:37:50.133 GMT-0800,123.814,123.71600000000001,0.0132,0.0132
13.11.2023 06:37:50.725 GMT-0800,123.823,123.71700000000001,0.0132,0.0132
13.11.2023 06:37:50.887 GMT-0800,123.824,123.756,0.0132,0.0009
13.11.2023 06:37:50.938 GMT-0800,123.824,123.71600000000001,0.0132,0.0132
13.11.2023 06:37:51.376 GMT-0800,123.824,123.71600000000001,0.0112,0.0132
13.11.2023 06:37:53.425 GMT-0800,123.823,123.71700000000001,0.0132,0.0132
13.11.2023 06:37:53.731 GMT-0800,123.823,123.71700000000001,0.0112,0.0132
13.11.2023 06:37:54.611 GMT-0800,123.813,123.69700000000002,0.0132,0.0132
13.11.2023 06:38:00.352 GMT-0800,123.814,123.766,0.009,0.0009
13.11.2023 06:38:00.403 GMT-0800,123.823,123.69700000000002,0.0132,0.0132
13.11.2023 06:38:00.584 GMT-0800,123.824,123.766,0.0132,0.0009
13.11.2023 06:38:02.424 GMT-0800,123.823,123.69700000000002,0.0132,0.0132
13.11.2023 06:38:02.880 GMT-0800,123.823,123.69700000000002,0.0112,0.0132
13.11.2023 06:38:03.032 GMT-0800,123.813,123.71700000000001,0.0132,0.0009
13.11.2023 06:38:05.906 GMT-0800,123.824,123.766,0.0132,0.0132
13.11.2023 06:38:06.203 GMT-0800,123.823,123.71700000000001,0.0132,0.0132
13.11.2023 06:38:06.721 GMT-0800,123.824,123.77600000000001,0.009,0.0009
13.11.2023 06:38:06.772 GMT-0800,123.853,123.77700000000002,0.0132,0.0132
13.11.2023 06:38:06.823 GMT-0800,123.853,123.71700000000001,0.0132,0.0132
13.11.2023 06:38:06.873 GMT-0800,123.854,123.786,0.0132,0.0132
13.11.2023 06:38:07.224 GMT-0800,123.874,123.786,0.0132,0.0132
13.11.2023 06:38:13.166 GMT-0800,123.883,123.787,0.0132,0.0132
13.11.2023 06:38:13.251 GMT-0800,123.884,123.786,0.0112,0.0132
13.11.2023 06:38:13.455 GMT-0800,123.893,123.787,0.0132,0.0132
13.11.2023 06:38:14.392 GMT-0800,123.894,123.82600000000001,0.0132,0.0009
13.11.2023 06:38:15.159 GMT-0800,123.914,123.82600000000001,0.0132,0.0132
13.11.2023 06:38:16.864 GMT-0800,123.913,123.80700000000002,0.0132,0.0132
13.11.2023 06:38:17.329 GMT-0800,123.913,123.80700000000002,0.0112,0.0132
13.11.2023 06:38:19.671 GMT-0800,123.913,123.80700000000002,0.0132,0.0132
13.11.2023 06:38:22.811 GMT-0800,123.914,123.82600000000001,0.0132,0.0009
13.11.2023 06:38:22.862 GMT-0800,123.914,123.80600000000001,0.0132,0.0132
13.11.2023 06:38:23.085 GMT-0800,123.913,123.84700000000001,0.0132,0.0009
13.11.2023 06:38:23.135 GMT-0800,123.913,123.82700000000001,0.0132,0.0009
13.11.2023 06:38:23.728 GMT-0800,123.913,123.80700000000002,0.0132,0.0132
13.11.2023 06:38:24.296 GMT-0800,123.914,123.83600000000001,0.0132,0.0009
13.11.2023 06:38:24.407 GMT-0800,123.913,123.867,0.009,0.0009
13.11.2023 06:38:24.509 GMT-0800,123.923,123.867,0.0132,0.0132
13.11.2023 06:38:24.559 GMT-0800,123.923,123.87700000000001,0.0132,0.0132
13.11.2023 06:38:24.665 GMT-0800,124.01299999999999,123.87700000000001,0.009,0.0132
13.11.2023 06:38:24.716 GMT-0800,124.033,123.87700000000001,0.0132,0.0132
13.11.2023 06:38:24.767 GMT-0800,124.033,123.897,0.0132,0.0132
13.11.2023 06:38:24.817 GMT-0800,124.053,123.897,0.0132,0.0132
13.11.2023 06:38:24.868 GMT-0800,124.053,123.87700000000001,0.0132,0.0132
13.11.2023 06:38:25.000 GMT-0800,124.054,123.896,0.0132,0.0009
13.11.2023 06:38:25.201 GMT-0800,124.053,123.87700000000001,0.0132,0.0132
13.11.2023 06:38:25.639 GMT-0800,124.054,123.876,0.0112,0.0132
13.11.2023 06:38:26.152 GMT-0800,124.034,123.88600000000001,0.0112,0.0009
13.11.2023 06:38:26.624 GMT-0800,124.01299999999999,123.88700000000001,0.0112,0.0132
13.11.2023 06:38:28.128 GMT-0800,123.93299999999999,123.897,0.0132,0.0009
13.11.2023 06:38:28.229 GMT-0800,124.014,123.91600000000001,0.0132,0.0132
13.11.2023 06:38:28.512 GMT-0800,124.014,123.896,0.0132,0.0132
13.11.2023 06:38:28.638 GMT-0800,124.01299999999999,123.897,0.0112,0.0132
13.11.2023 06:38:29.521 GMT-0800,123.964,123.926,0.009,0.0009
13.11.2023 06:38:29.572 GMT-0800,123.963,123.897,0.009,0.0132
13.11.2023 06:38:29.623 GMT-0800,124.033,123.897,0.0132,0.0132
13.11.2023 06:38:29.674 GMT-0800,124.034,123.936,0.0132,0.0009
13.11.2023 06:38:29.846 GMT-0800,124.033,123.927,0.0132,0.0132
13.11.2023 06:38:29.982 GMT-0800,124.033,123.93700000000001,0.0132,0.0009
13.11.2023 06:38:30.083 GMT-0800,124.034,123.926,0.0132,0.0132
13.11.2023 06:38:30.253 GMT-0800,124.034,123.91600000000001,0.0132,0.0132
13.11.2023 06:38:30.774 GMT-0800,124.033,123.91700000000002,0.0112,0.0132
13.11.2023 06:38:30.824 GMT-0800,124.034,123.91600000000001,0.0112,0.0132
13.11.2023 06:38:32.147 GMT-0800,124.034,123.91600000000001,0.0132,0.0132
13.11.2023 06:38:32.736 GMT-0800,124.033,123.927,0.0132,0.0009
13.11.2023 06:38:33.468 GMT-0800,124.033,123.93700000000001,0.0132,0.0009
13.11.2023 06:38:33.570 GMT-0800,124.033,123.927,0.0132,0.0132
13.11.2023 06:38:33.739 GMT-0800,124.033,123.91700000000002,0.0132,0.0132
13.11.2023 06:38:34.044 GMT-0800,124.034,123.936,0.0132,0.0009
13.11.2023 06:38:34.146 GMT-0800,123.98299999999999,123.91700000000002,0.0132,0.0132
13.11.2023 06:38:34.279 GMT-0800,124.034,123.91600000000001,0.0132,0.0132
13.11.2023 06:38:34.391 GMT-0800,124.034,123.91600000000001,0.0112,0.0132
13.11.2023 06:38:34.493 GMT-0800,124.034,123.91600000000001,0.0132,0.0132
13.11.2023 06:38:34.620 GMT-0800,124.034,123.91600000000001,0.0112,0.0132
13.11.2023 06:38:34.772 GMT-0800,124.034,123.91600000000001,0.0132,0.0132
13.11.2023 06:38:34.882 GMT-0800,124.033,123.91700000000002,0.0112,0.0132
13.11.2023 06:38:35.063 GMT-0800,124.034,123.91600000000001,0.0132,0.0132
13.11.2023 06:38:35.192 GMT-0800,124.034,123.91600000000001,0.0112,0.0132
13.11.2023 06:38:35.392 GMT-0800,124.033,123.91700000000002,0.0132,0.0132
13.11.2023 06:38:35.619 GMT-0800,124.034,123.91600000000001,0.0112,0.0132
13.11.2023 06:38:35.720 GMT-0800,123.95299999999999,123.91700000000002,0.0112,0.009
13.11.2023 06:38:35.771 GMT-0800,123.944,123.876,0.0132,0.0132
13.11.2023 06:38:35.822 GMT-0800,123.95299999999999,123.87700000000001,0.0132,0.0132
13.11.2023 06:38:35.879 GMT-0800,123.95299999999999,123.87700000000001,0.0112,0.0132
13.11.2023 06:38:35.981 GMT-0800,123.914,123.876,0.0132,0.0132
13.11.2023 06:38:36.032 GMT-0800,123.943,123.87700000000001,0.0132,0.0132
13.11.2023 06:38:36.177 GMT-0800,123.944,123.876,0.0112,0.0132
13.11.2023 06:38:36.278 GMT-0800,123.904,123.866,0.0132,0.0132
13.11.2023 06:38:36.379 GMT-0800,123.943,123.867,0.0132,0.0132
13.11.2023 06:38:36.430 GMT-0800,123.943,123.87700000000001,0.0132,0.0009
13.11.2023 06:38:36.531 GMT-0800,123.943,123.87700000000001,0.0112,0.009
13.11.2023 06:38:36.582 GMT-0800,123.943,123.87700000000001,0.0132,0.0132
13.11.2023 06:38:36.737 GMT-0800,123.944,123.876,0.0112,0.009
13.11.2023 06:38:36.788 GMT-0800,123.914,123.866,0.0132,0.0132
13.11.2023 06:38:36.889 GMT-0800,123.944,123.866,0.0132,0.0132
13.11.2023 06:38:36.968 GMT-0800,123.944,123.876,0.0132,0.0009
13.11.2023 06:38:37.285 GMT-0800,123.95299999999999,123.87700000000001,0.0132,0.0132
13.11.2023 06:38:37.364 GMT-0800,123.954,123.876,0.0112,0.0132
13.11.2023 06:38:37.465 GMT-0800,123.92399999999999,123.906,0.0132,0.0132
13.11.2023 06:38:37.587 GMT-0800,123.944,123.906,0.0132,0.0132
13.11.2023 06:38:37.949 GMT-0800,123.943,123.90700000000001,0.0112,0.0132
13.11.2023 06:38:38.050 GMT-0800,123.944,123.906,0.0132,0.0132
13.11.2023 06:38:38.431 GMT-0800,123.954,123.906,0.0132,0.0132
13.11.2023 06:38:38.655 GMT-0800,123.954,123.906,0.0112,0.0132
13.11.2023 06:38:39.241 GMT-0800,123.943,123.897,0.0132,0.0132
13.11.2023 06:38:39.361 GMT-0800,123.944,123.896,0.0112,0.0132
13.11.2023 06:38:39.569 GMT-0800,123.944,123.896,0.0132,0.0132
13.11.2023 06:38:39.666 GMT-0800,123.944,123.896,0.0112,0.0132
13.11.2023 06:38:39.880 GMT-0800,123.944,123.896,0.0132,0.0132
13.11.2023 06:38:39.983 GMT-0800,123.944,123.896,0.0112,0.0132
13.11.2023 06:38:40.034 GMT-0800,123.90299999999999,123.87700000000001,0.0132,0.0132
13.11.2023 06:38:40.142 GMT-0800,123.944,123.88600000000001,0.0132,0.0132
13.11.2023 06:38:40.211 GMT-0800,123.944,123.88600000000001,0.0112,0.0132
13.11.2023 06:38:40.782 GMT-0800,123.92399999999999,123.896,0.0132,0.0009
13.11.2023 06:38:41.481 GMT-0800,123.923,123.90700000000001,0.0132,0.009
13.11.2023 06:38:41.540 GMT-0800,123.923,123.88700000000001,0.0132,0.0132
13.11.2023 06:38:41.749 GMT-0800,123.923,123.88700000000001,0.0112,0.0132
13.11.2023 06:38:41.851 GMT-0800,123.92399999999999,123.88600000000001,0.0132,0.0132
13.11.2023 06:38:42.139 GMT-0800,123.943,123.88700000000001,0.0132,0.0132
13.11.2023 06:38:42.189 GMT-0800,123.923,123.88700000000001,0.0132,0.0132
13.11.2023 06:38:42.372 GMT-0800,123.943,123.88700000000001,0.0132,0.0132
13.11.2023 06:38:42.697 GMT-0800,123.943,123.897,0.009,0.0009
13.11.2023 06:38:42.747 GMT-0800,123.964,123.896,0.0132,0.0132
13.11.2023 06:38:42.798 GMT-0800,123.964,123.926,0.0132,0.0132
13.11.2023 06:38:42.912 GMT-0800,123.943,123.927,0.009,0.0132
13.11.2023 06:38:42.963 GMT-0800,123.964,123.926,0.0132,0.0132
13.11.2023 06:38:43.135 GMT-0800,123.973,123.927,0.0132,0.0132
13.11.2023 06:38:43.339 GMT-0800,123.973,123.927,0.0112,0.0132
13.11.2023 06:38:44.020 GMT-0800,123.973,123.927,0.0132,0.0132
13.11.2023 06:38:44.492 GMT-0800,123.974,123.926,0.0112,0.0132
13.11.2023 06:38:44.769 GMT-0800,123.963,123.897,0.0132,0.0132
13.11.2023 06:38:45.192 GMT-0800,123.964,123.896,0.0112,0.009
13.11.2023 06:38:45.243 GMT-0800,123.964,123.896,0.0132,0.0132
13.11.2023 06:38:45.379 GMT-0800,123.963,123.88700000000001,0.0132,0.0132
13.11.2023 06:38:45.468 GMT-0800,123.963,123.897,0.0132,0.0009
13.11.2023 06:38:46.066 GMT-0800,123.973,123.897,0.0132,0.0132
13.11.2023 06:38:46.235 GMT-0800,123.973,123.927,0.0132,0.0009
13.11.2023 06:38:46.572 GMT-0800,123.974,123.926,0.0112,0.0132
13.11.2023 06:38:46.967 GMT-0800,124.034,123.936,0.0132,0.0132
13.11.2023 06:38:47.086 GMT-0800,124.034,123.896,0.0132,0.0132
13.11.2023 06:38:47.172 GMT-0800,124.033,123.93700000000001,0.0132,0.0009
13.11.2023 06:38:47.336 GMT-0800,124.033,123.927,0.0132,0.0132
13.11.2023 06:38:47.402 GMT-0800,124.034,123.94600000000001,0.0132,0.0009
13.11.2023 06:38:49.349 GMT-0800,124.034,123.986,0.0132,0.0009
13.11.2023 06:38:49.400 GMT-0800,124.053,123.99700000000001,0.0132,0.0132
13.11.2023 06:38:49.451 GMT-0800,124.074,123.99600000000001,0.0132,0.0132
13.11.2023 06:38:49.581 GMT-0800,124.09299999999999,123.99700000000001,0.0132,0.0132
13.11.2023 06:38:49.721 GMT-0800,124.113,123.99700000000001,0.0132,0.0132
13.11.2023 06:38:49.771 GMT-0800,124.113,124.007,0.0112,0.009
13.11.2023 06:38:49.822 GMT-0800,124.134,123.956,0.0132,0.0132
13.11.2023 06:38:49.876 GMT-0800,124.133,124.01700000000001,0.0132,0.0009
13.11.2023 06:38:49.926 GMT-0800,124.154,124.016,0.0132,0.0132
13.11.2023 06:38:50.371 GMT-0800,124.15299999999999,124.01700000000001,0.0112,0.0132
13.11.2023 06:38:50.738 GMT-0800,124.134,124.02600000000001,0.0132,0.0009
13.11.2023 06:38:50.789 GMT-0800,124.133,123.98700000000001,0.0132,0.0132
13.11.2023 06:38:51.007 GMT-0800,124.134,124.046,0.0132,0.0009
13.11.2023 06:38:51.058 GMT-0800,124.133,123.98700000000001,0.0132,0.0132
13.11.2023 06:38:51.366 GMT-0800,124.133,124.037,0.009,0.0009
13.11.2023 06:38:51.416 GMT-0800,124.15299999999999,124.037,0.0132,0.009
13.11.2023 06:38:51.467 GMT-0800,124.154,124.006,0.0132,0.0132
13.11.2023 06:38:51.591 GMT-0800,124.194,124.006,0.0132,0.0132
13.11.2023 06:38:52.291 GMT-0800,124.193,124.06700000000001,0.0132,0.0009
13.11.2023 06:38:52.478 GMT-0800,124.194,124.07600000000001,0.0132,0.0009
13.11.2023 06:38:52.528 GMT-0800,124.194,124.066,0.0132,0.0132
13.11.2023 06:38:53.042 GMT-0800,124.194,124.066,0.0112,0.0132
13.11.2023 06:38:53.092 GMT-0800,124.17399999999999,124.066,0.0132,0.0132
13.11.2023 06:38:53.954 GMT-0800,124.17399999999999,124.08600000000001,0.0132,0.0009
13.11.2023 06:38:55.059 GMT-0800,124.173,124.09700000000001,0.0132,0.0009
13.11.2023 06:38:55.110 GMT-0800,124.17399999999999,124.08600000000001,0.009,0.0132
13.11.2023 06:38:55.161 GMT-0800,124.194,124.08600000000001,0.0132,0.0132
13.11.2023 06:38:55.312 GMT-0800,124.193,124.10700000000001,0.0132,0.0132
13.11.2023 06:38:55.947 GMT-0800,124.193,124.117,0.0132,0.0009
13.11.2023 06:38:56.054 GMT-0800,124.194,124.10600000000001,0.0132,0.0132
13.11.2023 06:38:56.159 GMT-0800,124.193,124.117,0.0132,0.0132
13.11.2023 06:38:56.260 GMT-0800,124.193,124.12700000000001,0.0132,0.0132
13.11.2023 06:38:56.365 GMT-0800,124.194,124.116,0.0132,0.0132
13.11.2023 06:38:56.417 GMT-0800,124.193,124.12700000000001,0.0132,0.0132
13.11.2023 06:38:56.586 GMT-0800,124.194,124.116,0.0132,0.0132
13.11.2023 06:38:57.684 GMT-0800,124.193,124.12700000000001,0.0132,0.0009
13.11.2023 06:38:57.791 GMT-0800,124.194,124.126,0.0112,0.0132
13.11.2023 06:38:58.542 GMT-0800,124.163,124.117,0.0132,0.0132
13.11.2023 06:38:58.691 GMT-0800,124.164,124.116,0.0112,0.0132
13.11.2023 06:38:59.765 GMT-0800,124.164,124.116,0.0132,0.0132
13.11.2023 06:38:59.843 GMT-0800,124.163,124.117,0.0112,0.0132
13.11.2023 06:39:01.184 GMT-0800,124.15299999999999,124.117,0.0112,0.009
13.11.2023 06:39:01.235 GMT-0800,124.144,124.096,0.0132,0.0132
13.11.2023 06:39:02.240 GMT-0800,124.15299999999999,124.09700000000001,0.0132,0.0132
13.11.2023 06:39:02.373 GMT-0800,124.15299999999999,124.09700000000001,0.0112,0.009
13.11.2023 06:39:02.424 GMT-0800,124.134,124.08600000000001,0.0132,0.0132
13.11.2023 06:39:02.525 GMT-0800,124.144,124.08600000000001,0.0132,0.0132
13.11.2023 06:39:03.438 GMT-0800,124.154,124.08600000000001,0.0132,0.0132
13.11.2023 06:39:03.729 GMT-0800,124.15299999999999,124.087,0.0112,0.0132
13.11.2023 06:39:03.884 GMT-0800,124.154,124.08600000000001,0.0132,0.0132
13.11.2023 06:39:06.195 GMT-0800,124.154,124.096,0.0132,0.0009
13.11.2023 06:39:06.246 GMT-0800,124.154,124.08600000000001,0.0132,0.0132
13.11.2023 06:39:06.848 GMT-0800,124.154,124.096,0.0112,0.0009
13.11.2023 06:39:06.898 GMT-0800,124.124,124.066,0.0132,0.0132
13.11.2023 06:39:06.949 GMT-0800,124.133,124.06700000000001,0.0132,0.0132
13.11.2023 06:39:07.072 GMT-0800,124.133,124.05700000000002,0.0132,0.0132
13.11.2023 06:39:07.123 GMT-0800,124.134,124.05600000000001,0.0112,0.0132
13.11.2023 06:39:07.224 GMT-0800,124.133,124.02700000000002,0.0132,0.0132
13.11.2023 06:39:07.325 GMT-0800,124.133,124.007,0.0112,0.0132
13.11.2023 06:39:07.530 GMT-0800,124.114,124.046,0.0112,0.0009
13.11.2023 06:39:07.581 GMT-0800,124.09299999999999,124.04700000000001,0.0132,0.0132
13.11.2023 06:39:07.713 GMT-0800,124.104,124.046,0.0132,0.0132
13.11.2023 06:39:07.775 GMT-0800,124.104,124.046,0.0112,0.0132
13.11.2023 06:39:07.826 GMT-0800,124.104,124.046,0.0132,0.0132
13.11.2023 06:39:08.072 GMT-0800,124.104,124.05600000000001,0.0132,0.0132
13.11.2023 06:39:08.173 GMT-0800,124.104,124.05600000000001,0.0112,0.0132
13.11.2023 06:39:08.274 GMT-0800,124.103,124.05700000000002,0.0132,0.0132
13.11.2023 06:39:08.587 GMT-0800,124.133,124.05700000000002,0.0132,0.0132
13.11.2023 06:39:09.342 GMT-0800,124.084,124.046,0.0132,0.0132
13.11.2023 06:39:11.996 GMT-0800,124.083,124.04700000000001,0.0112,0.009
13.11.2023 06:39:12.047 GMT-0800,124.074,124.006,0.0132,0.0132
13.11.2023 06:39:12.295 GMT-0800,124.084,124.006,0.0112,0.009
13.11.2023 06:39:12.346 GMT-0800,124.064,123.986,0.0132,0.0132
13.11.2023 06:39:12.879 GMT-0800,124.064,123.986,0.0112,0.0132
13.11.2023 06:39:12.980 GMT-0800,124.063,124.007,0.0132,0.0132
13.11.2023 06:39:13.031 GMT-0800,124.064,124.02600000000001,0.0132,0.0132
13.11.2023 06:39:13.323 GMT-0800,124.084,124.02600000000001,0.0132,0.0132
13.11.2023 06:39:13.756 GMT-0800,124.083,124.02700000000002,0.0112,0.0132
13.11.2023 06:39:13.857 GMT-0800,124.084,124.006,0.0132,0.0132
13.11.2023 06:39:13.970 GMT-0800,124.084,124.02600000000001,0.0132,0.0009
13.11.2023 06:39:14.020 GMT-0800,124.084,124.006,0.0132,0.0132
13.11.2023 06:39:14.071 GMT-0800,124.084,124.006,0.0112,0.0132
13.11.2023 06:39:14.279 GMT-0800,124.083,124.007,0.0132,0.0132
13.11.2023 06:39:14.423 GMT-0800,124.084,124.006,0.0112,0.0132
13.11.2023 06:39:15.226 GMT-0800,124.073,123.98700000000001,0.0132,0.0132
13.11.2023 06:39:15.785 GMT-0800,124.074,123.986,0.0112,0.009
13.11.2023 06:39:15.836 GMT-0800,124.044,123.956,0.0132,0.0132
13.11.2023 06:39:16.010 GMT-0800,124.044,123.936,0.0132,0.0132
13.11.2023 06:39:17.990 GMT-0800,124.044,123.936,0.0112,0.0132
13.11.2023 06:39:18.695 GMT-0800,124.044,123.936,0.0132,0.0132
13.11.2023 06:39:21.478 GMT-0800,124.04299999999999,123.93700000000001,0.0112,0.0132
13.11.2023 06:39:24.141 GMT-0800,124.04299999999999,123.93700000000001,0.0132,0.0132
13.11.2023 06:39:24.942 GMT-0800,124.044,123.956,0.0132,0.0009
13.11.2023 06:39:25.484 GMT-0800,124.04299999999999,123.93700000000001,0.0132,0.0132
13.11.2023 06:39:30.215 GMT-0800,124.044,123.936,0.0112,0.009
13.11.2023 06:39:30.266 GMT-0800,123.98299999999999,123.927,0.0132,0.0132
13.11.2023 06:39:30.466 GMT-0800,123.984,123.926,0.0112,0.009
13.11.2023 06:39:30.517 GMT-0800,123.963,123.837,0.0132,0.0132
13.11.2023 06:39:30.642 GMT-0800,123.964,123.80600000000001,0.0132,0.0132
13.11.2023 06:39:31.098 GMT-0800,123.964,123.786,0.0132,0.0132
13.11.2023 06:39:31.161 GMT-0800,123.963,123.837,0.0132,0.0009
13.11.2023 06:39:31.313 GMT-0800,123.964,123.80600000000001,0.0132,0.0132
13.11.2023 06:39:31.363 GMT-0800,123.964,123.846,0.0132,0.0132
13.11.2023 06:39:31.479 GMT-0800,123.964,123.82600000000001,0.0132,0.0132
13.11.2023 06:39:31.529 GMT-0800,123.963,123.837,0.0132,0.0132
13.11.2023 06:39:31.641 GMT-0800,123.963,123.82700000000001,0.0132,0.0132
13.11.2023 06:39:31.712 GMT-0800,123.964,123.83600000000001,0.0132,0.0009
13.11.2023 06:39:31.764 GMT-0800,123.964,123.786,0.0132,0.0132
13.11.2023 06:39:31.976 GMT-0800,123.964,123.786,0.0112,0.009
13.11.2023 06:39:32.027 GMT-0800,123.894,123.766,0.0132,0.0132
13.11.2023 06:39:33.765 GMT-0800,123.90299999999999,123.76700000000001,0.0132,0.0132
13.11.2023 06:39:33.815 GMT-0800,123.904,123.766,0.0112,0.0132
13.11.2023 06:39:35.520 GMT-0800,123.904,123.766,0.0132,0.0132
13.11.2023 06:39:35.573 GMT-0800,123.90299999999999,123.76700000000001,0.0112,0.0132
13.11.2023 06:39:35.884 GMT-0800,123.893,123.79700000000001,0.0112,0.0009
13.11.2023 06:39:35.935 GMT-0800,123.864,123.796,0.0132,0.0132
13.11.2023 06:39:36.010 GMT-0800,123.864,123.796,0.0112,0.0132
13.11.2023 06:39:37.046 GMT-0800,123.853,123.79700000000001,0.0112,0.009
13.11.2023 06:39:37.097 GMT-0800,123.813,123.757,0.0132,0.0132
13.11.2023 06:39:37.147 GMT-0800,123.814,123.756,0.0112,0.009
13.11.2023 06:39:37.198 GMT-0800,123.773,123.70700000000001,0.0132,0.0132
13.11.2023 06:39:37.840 GMT-0800,123.784,123.706,0.0132,0.0132
13.11.2023 06:39:37.994 GMT-0800,123.79299999999999,123.70700000000001,0.0132,0.0132
13.11.2023 06:39:38.280 GMT-0800,123.79299999999999,123.647,0.0132,0.0132
13.11.2023 06:39:39.268 GMT-0800,123.79299999999999,123.66700000000002,0.0132,0.0009
13.11.2023 06:39:40.119 GMT-0800,123.794,123.72600000000001,0.0132,0.0009
13.11.2023 06:39:42.087 GMT-0800,123.79299999999999,123.71700000000001,0.0132,0.0132
13.11.2023 06:39:43.733 GMT-0800,123.794,123.756,0.009,0.0009
13.11.2023 06:39:43.834 GMT-0800,123.794,123.766,0.009,0.0009
13.11.2023 06:39:43.885 GMT-0800,123.853,123.76700000000001,0.0132,0.0132
13.11.2023 06:39:44.063 GMT-0800,123.853,123.76700000000001,0.0112,0.009
13.11.2023 06:39:44.121 GMT-0800,123.834,123.756,0.0132,0.0132
13.11.2023 06:39:44.482 GMT-0800,123.833,123.74700000000001,0.0132,0.0132
13.11.2023 06:39:44.835 GMT-0800,123.853,123.74700000000001,0.0132,0.0132
13.11.2023 06:39:52.643 GMT-0800,123.853,123.757,0.0132,0.0009
13.11.2023 06:39:52.800 GMT-0800,123.854,123.74600000000001,0.0132,0.0132
13.11.2023 06:39:53.115 GMT-0800,123.853,123.70700000000001,0.0132,0.0132
13.11.2023 06:39:53.166 GMT-0800,123.854,123.74600000000001,0.0132,0.0132
13.11.2023 06:39:56.397 GMT-0800,123.854,123.74600000000001,0.0112,0.009
13.11.2023 06:39:56.448 GMT-0800,123.853,123.70700000000001,0.0132,0.0132
13.11.2023 06:39:56.504 GMT-0800,123.853,123.73700000000001,0.0132,0.0009
13.11.2023 06:39:56.969 GMT-0800,123.854,123.756,0.0132,0.0009
13.11.2023 06:39:57.427 GMT-0800,123.853,123.76700000000001,0.0112,0.0009
13.11.2023 06:39:57.608 GMT-0800,123.823,123.757,0.0132,0.0132
13.11.2023 06:39:58.391 GMT-0800,123.823,123.757,0.0112,0.0132
13.11.2023 06:39:58.492 GMT-0800,123.814,123.706,0.0132,0.0132
13.11.2023 06:39:59.738 GMT-0800,123.813,123.68700000000001,0.0132,0.0132
13.11.2023 06:40:01.687 GMT-0800,123.814,123.686,0.0112,0.0132
13.11.2023 06:40:02.528 GMT-0800,123.753,123.727,0.009,0.0009
13.11.2023 06:40:02.579 GMT-0800,123.754,123.706,0.009,0.0009
13.11.2023 06:40:02.679 GMT-0800,123.794,123.706,0.0132,0.0132
13.11.2023 06:40:03.328 GMT-0800,123.794,123.69600000000001,0.0132,0.0132
13.11.2023 06:40:04.883 GMT-0800,123.79299999999999,123.68700000000001,0.0132,0.0132
13.11.2023 06:40:04.963 GMT-0800,123.79299999999999,123.68700000000001,0.0112,0.0132
13.11.2023 06:40:06.245 GMT-0800,123.744,123.686,0.0132,0.0132
13.11.2023 06:40:07.965 GMT-0800,123.814,123.706,0.0132,0.0132
13.11.2023 06:40:08.060 GMT-0800,123.813,123.70700000000001,0.0112,0.0132
13.11.2023 06:40:09.785 GMT-0800,123.773,123.68700000000001,0.0132,0.0132
13.11.2023 06:40:09.988 GMT-0800,123.774,123.686,0.0112,0.0132
13.11.2023 06:40:10.636 GMT-0800,123.744,123.686,0.0112,0.0132
13.11.2023 06:40:10.687 GMT-0800,123.713,123.647,0.0132,0.0132
13.11.2023 06:40:13.944 GMT-0800,123.714,123.646,0.0112,0.0132
13.11.2023 06:40:14.124 GMT-0800,123.714,123.646,0.0132,0.0132
13.11.2023 06:40:14.199 GMT-0800,123.714,123.646,0.0112,0.0132
13.11.2023 06:40:14.423 GMT-0800,123.714,123.646,0.0132,0.0132
13.11.2023 06:40:15.712 GMT-0800,123.714,123.676,0.0132,0.0009
13.11.2023 06:40:16.510 GMT-0800,123.713,123.66700000000002,0.0132,0.009
13.11.2023 06:40:16.894 GMT-0800,123.713,123.647,0.0132,0.0132
13.11.2023 06:40:17.092 GMT-0800,123.714,123.66600000000001,0.0132,0.0009
13.11.2023 06:40:17.383 GMT-0800,123.714,123.686,0.009,0.0009
13.11.2023 06:40:17.434 GMT-0800,123.743,123.68700000000001,0.0132,0.0132
13.11.2023 06:40:17.585 GMT-0800,123.73299999999999,123.66700000000002,0.0132,0.0132
13.11.2023 06:40:17.809 GMT-0800,123.743,123.68700000000001,0.0132,0.0132
13.11.2023 06:40:17.938 GMT-0800,123.734,123.66600000000001,0.0132,0.0132
13.11.2023 06:40:18.116 GMT-0800,123.744,123.686,0.0132,0.0132
13.11.2023 06:40:18.220 GMT-0800,123.73299999999999,123.66700000000002,0.0132,0.0132
13.11.2023 06:40:18.441 GMT-0800,123.734,123.646,0.0132,0.0132
13.11.2023 06:40:19.145 GMT-0800,123.743,123.647,0.0132,0.0132
13.11.2023 06:40:19.223 GMT-0800,123.744,123.646,0.0112,0.0132
13.11.2023 06:40:19.687 GMT-0800,123.743,123.647,0.0132,0.0132
13.11.2023 06:40:19.738 GMT-0800,123.744,123.69600000000001,0.0132,0.0132
13.11.2023 06:40:19.915 GMT-0800,123.744,123.66600000000001,0.0132,0.0132
13.11.2023 06:40:20.726 GMT-0800,123.743,123.62700000000001,0.0132,0.0132
13.11.2023 06:40:21.749 GMT-0800,123.743,123.68700000000001,0.0132,0.0009
13.11.2023 06:40:21.800 GMT-0800,123.743,123.677,0.0132,0.0132
13.11.2023 06:40:21.955 GMT-0800,123.744,123.686,0.0132,0.0009
13.11.2023 06:40:22.322 GMT-0800,123.743,123.677,0.0132,0.0132
13.11.2023 06:40:22.376 GMT-0800,123.744,123.686,0.0132,0.0009
13.11.2023 06:40:22.646 GMT-0800,123.744,123.676,0.0132,0.0132
13.11.2023 06:40:22.830 GMT-0800,123.744,123.676,0.0112,0.0132
13.11.2023 06:40:22.932 GMT-0800,123.743,123.677,0.0132,0.0132
13.11.2023 06:40:22.982 GMT-0800,123.743,123.68700000000001,0.0132,0.0009
13.11.2023 06:40:23.134 GMT-0800,123.744,123.676,0.0132,0.0132
13.11.2023 06:40:23.517 GMT-0800,123.743,123.68700000000001,0.0132,0.0009
13.11.2023 06:40:23.618 GMT-0800,123.743,123.71700000000001,0.009,0.0009
13.11.2023 06:40:23.668 GMT-0800,123.813,123.71700000000001,0.0132,0.0132
13.11.2023 06:40:23.847 GMT-0800,123.813,123.727,0.0132,0.0009
13.11.2023 06:40:23.948 GMT-0800,123.814,123.71600000000001,0.0132,0.0132
13.11.2023 06:40:24.123 GMT-0800,123.814,123.72600000000001,0.0132,0.0009
13.11.2023 06:40:24.573 GMT-0800,123.814,123.71600000000001,0.0132,0.0132
13.11.2023 06:40:25.471 GMT-0800,123.813,123.70700000000001,0.0132,0.0009
13.11.2023 06:40:26.539 GMT-0800,123.813,123.68700000000001,0.0132,0.0132
13.11.2023 06:40:29.860 GMT-0800,123.824,123.686,0.0132,0.0132
13.11.2023 06:40:29.910 GMT-0800,123.813,123.68700000000001,0.0132,0.0132
13.11.2023 06:40:30.572 GMT-0800,123.814,123.686,0.0112,0.0132
13.11.2023 06:40:31.378 GMT-0800,123.794,123.756,0.0132,0.0009
13.11.2023 06:40:31.650 GMT-0800,123.823,123.757,0.0132,0.0132
13.11.2023 06:40:31.735 GMT-0800,123.823,123.76700000000001,0.0132,0.0009
13.11.2023 06:40:31.786 GMT-0800,123.824,123.756,0.0132,0.0132
13.11.2023 06:40:31.836 GMT-0800,123.823,123.76700000000001,0.0132,0.0132
13.11.2023 06:40:32.127 GMT-0800,123.824,123.756,0.0132,0.0132
13.11.2023 06:40:32.209 GMT-0800,123.823,123.76700000000001,0.0132,0.0009
13.11.2023 06:40:32.373 GMT-0800,123.824,123.756,0.0132,0.0132
13.11.2023 06:40:32.553 GMT-0800,123.823,123.76700000000001,0.0132,0.0009
13.11.2023 06:40:32.852 GMT-0800,123.824,123.756,0.0132,0.0132
13.11.2023 06:40:33.085 GMT-0800,123.79299999999999,123.70700000000001,0.0132,0.0009
13.11.2023 06:40:34.798 GMT-0800,123.79299999999999,123.68700000000001,0.0132,0.0132
13.11.2023 06:40:35.450 GMT-0800,123.814,123.686,0.0132,0.0132
13.11.2023 06:40:35.701 GMT-0800,123.824,123.686,0.0132,0.0132
13.11.2023 06:40:35.755 GMT-0800,123.824,123.686,0.0112,0.0132
13.11.2023 06:40:36.144 GMT-0800,123.824,123.686,0.0132,0.0132
13.11.2023 06:40:36.202 GMT-0800,123.824,123.686,0.0112,0.0132
13.11.2023 06:40:36.596 GMT-0800,123.824,123.686,0.0132,0.0132
13.11.2023 06:40:36.658 GMT-0800,123.823,123.68700000000001,0.0112,0.0132
13.11.2023 06:40:36.809 GMT-0800,123.823,123.68700000000001,0.0132,0.0132
13.11.2023 06:40:36.860 GMT-0800,123.823,123.68700000000001,0.0112,0.0132
13.11.2023 06:40:40.779 GMT-0800,123.813,123.68700000000001,0.0112,0.0132
13.11.2023 06:40:41.044 GMT-0800,123.754,123.686,0.0112,0.009
13.11.2023 06:40:41.145 GMT-0800,123.744,123.676,0.0132,0.0132
13.11.2023 06:40:42.764 GMT-0800,123.744,123.686,0.0132,0.0009
13.11.2023 06:40:42.815 GMT-0800,123.743,123.677,0.0132,0.0132
13.11.2023 06:40:42.866 GMT-0800,123.744,123.686,0.009,0.0009
13.11.2023 06:40:42.917 GMT-0800,123.813,123.71700000000001,0.0132,0.0132
13.11.2023 06:40:45.807 GMT-0800,123.813,123.727,0.0132,0.0132
13.11.2023 06:40:47.472 GMT-0800,123.813,123.757,0.0132,0.0009
13.11.2023 06:40:47.523 GMT-0800,123.813,123.727,0.009,0.0132
13.11.2023 06:40:47.593 GMT-0800,123.823,123.727,0.0132,0.0132
13.11.2023 06:40:47.644 GMT-0800,123.813,123.727,0.0132,0.0132
13.11.2023 06:40:48.623 GMT-0800,123.824,123.72600000000001,0.0132,0.0132
13.11.2023 06:40:48.726 GMT-0800,123.823,123.727,0.0112,0.0132
13.11.2023 06:40:50.773 GMT-0800,123.813,123.77700000000002,0.009,0.0009
13.11.2023 06:40:50.824 GMT-0800,123.854,123.786,0.0132,0.009
13.11.2023 06:40:51.470 GMT-0800,123.853,123.74700000000001,0.0132,0.0132
13.11.2023 06:40:51.875 GMT-0800,123.853,123.79700000000001,0.0132,0.0009
13.11.2023 06:40:51.926 GMT-0800,123.853,123.787,0.0132,0.0132
13.11.2023 06:40:52.018 GMT-0800,123.853,123.79700000000001,0.009,0.0009
13.11.2023 06:40:52.069 GMT-0800,123.874,123.796,0.0132,0.009
13.11.2023 06:40:52.379 GMT-0800,123.874,123.786,0.0132,0.0132
13.11.2023 06:40:52.464 GMT-0800,123.874,123.796,0.0132,0.0009
13.11.2023 06:40:52.565 GMT-0800,123.87299999999999,123.787,0.0132,0.0132
13.11.2023 06:40:52.641 GMT-0800,123.874,123.796,0.0132,0.0009
13.11.2023 06:40:52.743 GMT-0800,123.853,123.787,0.0132,0.0132
13.11.2023 06:40:52.982 GMT-0800,123.853,123.79700000000001,0.009,0.0009
13.11.2023 06:40:53.033 GMT-0800,123.874,123.796,0.0132,0.0132
13.11.2023 06:40:54.024 GMT-0800,123.87299999999999,123.74700000000001,0.0132,0.0132
13.11.2023 06:40:54.074 GMT-0800,123.874,123.80600000000001,0.0132,0.0132
13.11.2023 06:40:54.560 GMT-0800,123.87299999999999,123.81700000000001,0.0132,0.009
13.11.2023 06:40:54.611 GMT-0800,123.87299999999999,123.80700000000002,0.0132,0.0132
13.11.2023 06:40:54.962 GMT-0800,123.87299999999999,123.81700000000001,0.009,0.0009
13.11.2023 06:40:55.013 GMT-0800,123.874,123.80600000000001,0.009,0.0132
13.11.2023 06:40:55.266 GMT-0800,123.87299999999999,123.81700000000001,0.0132,0.0009
13.11.2023 06:40:55.441 GMT-0800,123.883,123.81700000000001,0.0132,0.0132
13.11.2023 06:40:55.543 GMT-0800,123.874,123.80600000000001,0.0132,0.0132
13.11.2023 06:40:56.083 GMT-0800,123.874,123.816,0.0112,0.0009
13.11.2023 06:40:56.133 GMT-0800,123.884,123.816,0.0132,0.0132
13.11.2023 06:40:56.380 GMT-0800,123.87299999999999,123.80700000000002,0.0132,0.0132
13.11.2023 06:40:56.601 GMT-0800,123.87299999999999,123.81700000000001,0.0132,0.009
13.11.2023 06:40:56.652 GMT-0800,123.874,123.74600000000001,0.0132,0.0132
13.11.2023 06:40:57.061 GMT-0800,123.894,123.74600000000001,0.0132,0.0132
13.11.2023 06:40:57.218 GMT-0800,123.943,123.74700000000001,0.0132,0.0132
13.11.2023 06:40:57.376 GMT-0800,123.944,123.74600000000001,0.0112,0.0132
13.11.2023 06:40:57.426 GMT-0800,123.944,123.74600000000001,0.0132,0.0132
13.11.2023 06:40:58.797 GMT-0800,123.943,123.82700000000001,0.0132,0.0009
13.11.2023 06:40:58.848 GMT-0800,123.963,123.837,0.0132,0.0132
13.11.2023 06:40:59.199 GMT-0800,123.963,123.85700000000001,0.0132,0.0009
13.11.2023 06:40:59.771 GMT-0800,123.963,123.867,0.0132,0.0009
13.11.2023 06:40:59.873 GMT-0800,123.95299999999999,123.87700000000001,0.0132,0.0132
13.11.2023 06:40:59.979 GMT-0800,123.963,123.87700000000001,0.0132,0.0132
13.11.2023 06:41:01.172 GMT-0800,123.964,123.876,0.0112,0.0132
13.11.2023 06:41:01.273 GMT-0800,123.943,123.837,0.0132,0.0132
13.11.2023 06:41:01.576 GMT-0800,123.963,123.837,0.0132,0.0132
13.11.2023 06:41:01.803 GMT-0800,123.963,123.87700000000001,0.0132,0.0009
13.11.2023 06:41:01.975 GMT-0800,123.964,123.876,0.0112,0.0132
13.11.2023 06:41:02.090 GMT-0800,123.93299999999999,123.87700000000001,0.009,0.0132
13.11.2023 06:41:02.385 GMT-0800,123.943,123.87700000000001,0.0132,0.0132
13.11.2023 06:41:02.706 GMT-0800,123.943,123.87700000000001,0.0112,0.0132
13.11.2023 06:41:02.857 GMT-0800,123.943,123.867,0.0132,0.0132
13.11.2023 06:41:02.989 GMT-0800,123.943,123.867,0.0112,0.0132
13.11.2023 06:41:03.206 GMT-0800,123.93299999999999,123.87700000000001,0.009,0.0009
13.11.2023 06:41:03.440 GMT-0800,123.93299999999999,123.91700000000002,0.009,0.0009
13.11.2023 06:41:03.490 GMT-0800,123.98299999999999,123.87700000000001,0.0132,0.0132
13.11.2023 06:41:05.401 GMT-0800,123.98299999999999,123.87700000000001,0.0112,0.0132
13.11.2023 06:41:05.900 GMT-0800,123.944,123.83600000000001,0.0132,0.0132
13.11.2023 06:41:06.202 GMT-0800,123.944,123.896,0.009,0.0009
13.11.2023 06:41:06.253 GMT-0800,123.973,123.85700000000001,0.0132,0.0132
13.11.2023 06:41:06.712 GMT-0800,123.973,123.927,0.0132,0.0009
13.11.2023 06:41:09.585 GMT-0800,123.973,123.94700000000002,0.0132,0.0009
13.11.2023 06:41:09.737 GMT-0800,124.014,123.94600000000001,0.0132,0.0132
13.11.2023 06:41:09.788 GMT-0800,124.014,123.94600000000001,0.0112,0.0132
13.11.2023 06:41:09.889 GMT-0800,124.014,123.94600000000001,0.0132,0.0132
13.11.2023 06:41:10.264 GMT-0800,124.014,123.94600000000001,0.0112,0.0132
13.11.2023 06:41:10.314 GMT-0800,124.014,123.94600000000001,0.012,0.009
13.11.2023 06:41:10.365 GMT-0800,124.014,123.94600000000001,0.0112,0.009
13.11.2023 06:41:10.416 GMT-0800,124.003,123.87700000000001,0.0132,0.0132
13.11.2023 06:41:10.517 GMT-0800,123.984,123.83600000000001,0.0132,0.0132
13.11.2023 06:41:10.621 GMT-0800,123.98299999999999,123.837,0.0112,0.0132
13.11.2023 06:41:10.722 GMT-0800,123.984,123.83600000000001,0.0132,0.0132
13.11.2023 06:41:10.816 GMT-0800,123.984,123.83600000000001,0.0112,0.0132
13.11.2023 06:41:11.088 GMT-0800,123.98299999999999,123.77700000000002,0.0132,0.0132
13.11.2023 06:41:11.253 GMT-0800,123.98299999999999,123.77700000000002,0.0112,0.0132
13.11.2023 06:41:11.411 GMT-0800,123.984,123.77600000000001,0.0132,0.0132
13.11.2023 06:41:11.462 GMT-0800,123.98299999999999,123.77700000000002,0.0112,0.0132
13.11.2023 06:41:11.643 GMT-0800,123.87299999999999,123.77700000000002,0.009,0.0132
13.11.2023 06:41:11.694 GMT-0800,123.984,123.77600000000001,0.0112,0.0132
13.11.2023 06:41:11.745 GMT-0800,123.964,123.77600000000001,0.0132,0.0132
13.11.2023 06:41:11.795 GMT-0800,123.963,123.77700000000002,0.0112,0.0132
13.11.2023 06:41:11.947 GMT-0800,123.93299999999999,123.77700000000002,0.0112,0.009
13.11.2023 06:41:11.999 GMT-0800,123.813,123.74700000000001,0.0132,0.0132
13.11.2023 06:41:12.240 GMT-0800,123.814,123.74600000000001,0.0112,0.009
13.11.2023 06:41:12.291 GMT-0800,123.813,123.74700000000001,0.0132,0.009
13.11.2023 06:41:12.353 GMT-0800,123.814,123.72600000000001,0.0132,0.0132
13.11.2023 06:41:12.454 GMT-0800,123.814,123.72600000000001,0.0112,0.0132
13.11.2023 06:41:12.841 GMT-0800,123.804,123.72600000000001,0.0112,0.009
13.11.2023 06:41:13.080 GMT-0800,123.754,123.69600000000001,0.0132,0.0132
13.11.2023 06:41:13.256 GMT-0800,123.753,123.62700000000001,0.0132,0.0132
13.11.2023 06:41:13.813 GMT-0800,123.753,123.69700000000002,0.0132,0.0009
13.11.2023 06:41:16.394 GMT-0800,123.753,123.69700000000002,0.0112,0.009
13.11.2023 06:41:16.445 GMT-0800,123.724,123.626,0.0132,0.0132
13.11.2023 06:41:16.853 GMT-0800,123.734,123.626,0.0132,0.0132
13.11.2023 06:41:17.071 GMT-0800,123.734,123.626,0.0112,0.0132
13.11.2023 06:41:17.237 GMT-0800,123.723,123.677,0.009,0.0132
13.11.2023 06:41:17.288 GMT-0800,123.73299999999999,123.677,0.009,0.0132
13.11.2023 06:41:17.339 GMT-0800,123.754,123.686,0.0132,0.0132
13.11.2023 06:41:18.766 GMT-0800,123.754,123.686,0.0112,0.0132
13.11.2023 06:41:18.817 GMT-0800,123.754,123.676,0.0132,0.0132
13.11.2023 06:41:18.906 GMT-0800,123.754,123.676,0.0112,0.0132
13.11.2023 06:41:19.341 GMT-0800,123.723,123.62700000000001,0.0132,0.0132
13.11.2023 06:41:22.238 GMT-0800,123.724,123.676,0.009,0.0009
13.11.2023 06:41:22.291 GMT-0800,123.734,123.676,0.0132,0.009
13.11.2023 06:41:22.342 GMT-0800,123.73299999999999,123.62700000000001,0.0132,0.0132
13.11.2023 06:41:25.184 GMT-0800,123.734,123.626,0.0112,0.0132
13.11.2023 06:41:25.360 GMT-0800,123.734,123.626,0.0132,0.0132
13.11.2023 06:41:25.680 GMT-0800,123.73299999999999,123.62700000000001,0.0112,0.0132
13.11.2023 06:41:26.419 GMT-0800,123.724,123.58600000000001,0.0132,0.0132
13.11.2023 06:41:26.469 GMT-0800,123.724,123.58600000000001,0.0112,0.0132
13.11.2023 06:41:28.219 GMT-0800,123.713,123.587,0.0112,0.0132
13.11.2023 06:41:29.534 GMT-0800,123.704,123.646,0.0132,0.0009
13.11.2023 06:41:32.381 GMT-0800,123.704,123.656,0.0132,0.0009
13.11.2023 06:41:32.432 GMT-0800,123.70299999999999,123.647,0.0132,0.0132
13.11.2023 06:41:33.278 GMT-0800,123.704,123.656,0.0132,0.0009
13.11.2023 06:41:33.606 GMT-0800,123.704,123.58600000000001,0.0132,0.0132
13.11.2023 06:41:33.791 GMT-0800,123.704,123.58600000000001,0.0112,0.0132
13.11.2023 06:41:35.208 GMT-0800,123.693,123.60700000000001,0.009,0.0009
13.11.2023 06:41:35.296 GMT-0800,123.713,123.60700000000001,0.0132,0.0132
13.11.2023 06:41:35.348 GMT-0800,123.713,123.647,0.0112,0.0009
13.11.2023 06:41:35.398 GMT-0800,123.713,123.60700000000001,0.0112,0.0132
13.11.2023 06:41:35.627 GMT-0800,123.714,123.60600000000001,0.0132,0.0132
13.11.2023 06:41:35.977 GMT-0800,123.714,123.60600000000001,0.0112,0.0132
13.11.2023 06:41:36.078 GMT-0800,123.714,123.60600000000001,0.0132,0.0132
13.11.2023 06:41:36.160 GMT-0800,123.713,123.60700000000001,0.0112,0.0132
13.11.2023 06:41:36.211 GMT-0800,123.70299999999999,123.587,0.0132,0.0132
13.11.2023 06:41:36.803 GMT-0800,123.713,123.587,0.0132,0.0132
13.11.2023 06:41:36.854 GMT-0800,123.694,123.58600000000001,0.0132,0.0132
13.11.2023 06:41:39.409 GMT-0800,123.693,123.66700000000002,0.009,0.0009
13.11.2023 06:41:39.459 GMT-0800,123.694,123.58600000000001,0.009,0.012
13.11.2023 06:41:39.510 GMT-0800,123.734,123.69600000000001,0.0132,0.0132
13.11.2023 06:41:39.641 GMT-0800,123.753,123.69700000000002,0.0132,0.0132
13.11.2023 06:41:44.116 GMT-0800,123.753,123.69700000000002,0.0112,0.009
13.11.2023 06:41:44.166 GMT-0800,123.753,123.69700000000002,0.009,0.009
13.11.2023 06:41:44.217 GMT-0800,123.784,123.676,0.0132,0.0132
