Local time,Ask,Bid,AskVolume,BidVolume
13.11.2023 06:30:02.859 GMT-0800,213.033,212.417,0.0009,0.1
13.11.2023 06:30:03.840 GMT-0800,212.764,212.416,0.0009,0.09
13.11.2023 06:30:03.891 GMT-0800,213.03400000000002,212.416,0.0009,0.09
13.11.2023 06:30:04.991 GMT-0800,212.75400000000002,211.99599999999998,0.0009,0.12
13.11.2023 06:30:05.355 GMT-0800,212.753,211.997,0.0009,0.1
13.11.2023 06:30:05.862 GMT-0800,212.75400000000002,211.99599999999998,0.12,0.12
13.11.2023 06:30:06.092 GMT-0800,212.75400000000002,211.99599999999998,0.12,0.1
13.11.2023 06:30:06.143 GMT-0800,212.75400000000002,211.99599999999998,0.12,0.12
13.11.2023 06:30:06.741 GMT-0800,212.753,211.997,0.12,0.1
13.11.2023 06:30:06.896 GMT-0800,212.753,211.997,0.12,0.12
13.11.2023 06:30:06.997 GMT-0800,212.75400000000002,211.99599999999998,0.12,0.1
13.11.2023 06:30:07.667 GMT-0800,212.75400000000002,212.006,0.12,0.1
13.11.2023 06:30:07.897 GMT-0800,212.753,212.007,0.12,0.12
13.11.2023 06:30:08.355 GMT-0800,212.75400000000002,212.006,0.12,0.1
13.11.2023 06:30:08.456 GMT-0800,212.753,212.007,0.12,0.12
13.11.2023 06:30:08.644 GMT-0800,212.753,211.997,0.12,0.12
13.11.2023 06:30:09.163 GMT-0800,212.75400000000002,211.99599999999998,0.12,0.1
13.11.2023 06:30:09.874 GMT-0800,212.75400000000002,212.046,0.12,0.1
13.11.2023 06:30:09.975 GMT-0800,212.75400000000002,212.046,0.12,0.12
13.11.2023 06:30:10.034 GMT-0800,212.75400000000002,212.046,0.12,0.1
13.11.2023 06:30:11.058 GMT-0800,212.623,212.327,0.0009,0.12
13.11.2023 06:30:11.487 GMT-0800,213.104,212.416,0.12,0.12
13.11.2023 06:30:11.697 GMT-0800,213.19299999999998,212.417,0.12,0.12
13.11.2023 06:30:14.319 GMT-0800,213.044,212.416,0.0009,0.12
13.11.2023 06:30:16.400 GMT-0800,213.044,212.416,0.12,0.1
13.11.2023 06:30:19.104 GMT-0800,213.153,212.67700000000002,0.0009,0.09
13.11.2023 06:30:19.154 GMT-0800,213.153,212.64700000000002,0.12,0.12
13.11.2023 06:30:19.205 GMT-0800,213.014,212.646,0.0009,0.12
13.11.2023 06:30:19.462 GMT-0800,213.153,212.64700000000002,0.12,0.12
13.11.2023 06:30:19.529 GMT-0800,212.903,212.64700000000002,0.0009,0.09
13.11.2023 06:30:19.581 GMT-0800,212.88400000000001,212.27599999999998,0.12,0.12
13.11.2023 06:30:22.872 GMT-0800,213.15400000000002,212.27599999999998,0.12,0.12
13.11.2023 06:30:26.812 GMT-0800,212.843,212.27700000000002,0.0009,0.12
13.11.2023 06:30:26.863 GMT-0800,213.15400000000002,212.27599999999998,0.12,0.12
13.11.2023 06:30:45.357 GMT-0800,213.18400000000003,212.27599999999998,0.12,0.12
13.11.2023 06:30:47.424 GMT-0800,213.18400000000003,212.27599999999998,0.12,0.1
13.11.2023 06:31:13.897 GMT-0800,212.663,212.407,0.0009,0.12
13.11.2023 06:31:13.948 GMT-0800,213.174,212.40599999999998,0.12,0.12
13.11.2023 06:31:13.998 GMT-0800,212.65400000000002,212.40599999999998,0.12,0.12
13.11.2023 06:31:14.130 GMT-0800,212.53400000000002,212.27599999999998,0.12,0.12
13.11.2023 06:31:14.269 GMT-0800,212.595,212.27700000000002,0.09,0.1
13.11.2023 06:31:14.319 GMT-0800,213.16400000000002,212.40599999999998,0.12,0.12
13.11.2023 06:31:14.411 GMT-0800,212.704,212.40599999999998,0.0009,0.12
13.11.2023 06:31:15.654 GMT-0800,212.704,212.27599999999998,0.12,0.12
13.11.2023 06:31:41.708 GMT-0800,212.66400000000002,212.27599999999998,0.0009,0.12
13.11.2023 06:31:41.759 GMT-0800,212.703,212.27700000000002,0.12,0.12
13.11.2023 06:31:46.824 GMT-0800,212.703,212.27700000000002,0.12,0.1
13.11.2023 06:31:47.153 GMT-0800,212.703,212.42700000000002,0.09,0.1
13.11.2023 06:31:47.204 GMT-0800,212.893,212.42700000000002,0.12,0.12
13.11.2023 06:31:48.175 GMT-0800,212.86400000000003,212.426,0.0009,0.12
13.11.2023 06:31:51.552 GMT-0800,213.033,212.42700000000002,0.12,0.12
13.11.2023 06:32:08.051 GMT-0800,212.94400000000002,212.426,0.0009,0.12
13.11.2023 06:32:21.366 GMT-0800,212.783,212.42700000000002,0.0009,0.12
13.11.2023 06:32:21.417 GMT-0800,212.94299999999998,212.42700000000002,0.12,0.12
13.11.2023 06:32:24.037 GMT-0800,213.03400000000002,212.426,0.12,0.12
13.11.2023 06:32:24.201 GMT-0800,213.033,212.42700000000002,0.12,0.1
13.11.2023 06:32:24.810 GMT-0800,213.033,212.42700000000002,0.12,0.12
13.11.2023 06:32:25.036 GMT-0800,213.033,212.42700000000002,0.12,0.1
13.11.2023 06:32:27.285 GMT-0800,213.033,212.437,0.12,0.1
13.11.2023 06:32:27.390 GMT-0800,213.033,212.42700000000002,0.12,0.12
13.11.2023 06:32:27.441 GMT-0800,213.03400000000002,212.43599999999998,0.12,0.12
13.11.2023 06:32:27.592 GMT-0800,213.033,212.437,0.12,0.1
13.11.2023 06:32:27.757 GMT-0800,213.033,212.437,0.12,0.12
13.11.2023 06:32:32.643 GMT-0800,213.03400000000002,212.426,0.12,0.12
13.11.2023 06:32:32.745 GMT-0800,213.03400000000002,212.426,0.12,0.1
13.11.2023 06:32:32.994 GMT-0800,213.033,212.42700000000002,0.12,0.12
13.11.2023 06:32:33.622 GMT-0800,213.03400000000002,212.426,0.12,0.1
13.11.2023 06:32:39.807 GMT-0800,213.03400000000002,212.43599999999998,0.12,0.1
13.11.2023 06:32:42.869 GMT-0800,213.03400000000002,212.43599999999998,0.12,0.12
13.11.2023 06:32:44.716 GMT-0800,213.033,212.437,0.12,0.1
13.11.2023 06:32:47.148 GMT-0800,213.03400000000002,212.576,0.09,0.1
13.11.2023 06:32:47.199 GMT-0800,213.19299999999998,212.437,0.12,0.12
13.11.2023 06:32:56.506 GMT-0800,213.19299999999998,212.437,0.12,0.1
13.11.2023 06:32:59.450 GMT-0800,213.19400000000002,212.446,0.12,0.1
13.11.2023 06:33:05.953 GMT-0800,213.19400000000002,212.846,0.12,0.1
13.11.2023 06:33:06.161 GMT-0800,213.328,212.857,0.09,0.1
13.11.2023 06:33:09.799 GMT-0800,213.514,213.11599999999999,0.12,0.09
13.11.2023 06:33:21.078 GMT-0800,214.24400000000003,213.30599999999998,0.12,0.12
13.11.2023 06:33:22.296 GMT-0800,214.243,213.29700000000003,0.12,0.12
13.11.2023 06:33:22.447 GMT-0800,214.243,213.29700000000003,0.12,0.1
13.11.2023 06:33:22.886 GMT-0800,214.24400000000003,213.296,0.12,0.12
13.11.2023 06:33:26.762 GMT-0800,214.24400000000003,213.346,0.12,0.1
13.11.2023 06:33:26.813 GMT-0800,214.243,213.387,0.12,0.12
13.11.2023 06:33:29.702 GMT-0800,214.243,213.387,0.12,0.1
13.11.2023 06:33:29.970 GMT-0800,213.803,213.54700000000003,0.0009,0.12
13.11.2023 06:33:32.749 GMT-0800,213.803,213.377,0.12,0.12
13.11.2023 06:33:36.450 GMT-0800,213.74400000000003,213.37599999999998,0.0009,0.12
13.11.2023 06:33:37.876 GMT-0800,213.633,213.377,0.0009,0.12
13.11.2023 06:33:37.926 GMT-0800,213.74400000000003,213.37599999999998,0.09,0.12
13.11.2023 06:33:37.977 GMT-0800,213.80400000000003,213.37599999999998,0.12,0.12
13.11.2023 06:33:40.034 GMT-0800,213.683,213.377,0.0009,0.12
13.11.2023 06:33:41.246 GMT-0800,213.683,213.347,0.12,0.12
13.11.2023 06:33:42.895 GMT-0800,213.683,213.347,0.12,0.1
13.11.2023 06:33:50.957 GMT-0800,213.53400000000002,213.44,0.0009,0.09
13.11.2023 06:33:51.008 GMT-0800,213.63400000000001,213.076,0.12,0.12
13.11.2023 06:33:52.053 GMT-0800,213.633,213.02700000000002,0.12,0.12
13.11.2023 06:33:52.159 GMT-0800,213.58400000000003,213.02599999999998,0.0009,0.12
13.11.2023 06:33:53.060 GMT-0800,213.63400000000001,213.02599999999998,0.12,0.12
13.11.2023 06:33:53.161 GMT-0800,213.573,213.02700000000002,0.0009,0.12
13.11.2023 06:33:53.679 GMT-0800,213.63400000000001,213.02599999999998,0.12,0.12
13.11.2023 06:33:53.770 GMT-0800,213.56400000000002,213.02599999999998,0.0009,0.12
13.11.2023 06:33:54.099 GMT-0800,213.633,213.02700000000002,0.12,0.12
13.11.2023 06:33:54.195 GMT-0800,213.553,213.02700000000002,0.0009,0.12
13.11.2023 06:33:55.051 GMT-0800,213.543,213.02700000000002,0.0009,0.12
13.11.2023 06:33:55.153 GMT-0800,213.633,213.02700000000002,0.12,0.12
13.11.2023 06:33:55.213 GMT-0800,213.544,213.02599999999998,0.0009,0.12
13.11.2023 06:33:56.145 GMT-0800,213.63400000000001,213.02599999999998,0.12,0.12
13.11.2023 06:33:56.242 GMT-0800,213.53400000000002,213.02599999999998,0.0009,0.12
13.11.2023 06:33:58.563 GMT-0800,213.633,213.02700000000002,0.12,0.12
13.11.2023 06:34:02.199 GMT-0800,213.633,213.02700000000002,0.12,0.1
13.11.2023 06:34:02.707 GMT-0800,213.523,213.097,0.0009,0.12
13.11.2023 06:34:03.565 GMT-0800,213.514,213.096,0.0009,0.12
13.11.2023 06:34:03.616 GMT-0800,213.63400000000001,213.096,0.12,0.12
13.11.2023 06:34:04.129 GMT-0800,213.493,213.097,0.0009,0.12
13.11.2023 06:34:04.230 GMT-0800,213.633,213.097,0.12,0.12
13.11.2023 06:34:06.723 GMT-0800,213.44299999999998,213.097,0.0009,0.12
13.11.2023 06:34:07.062 GMT-0800,213.633,213.097,0.12,0.12
13.11.2023 06:34:07.726 GMT-0800,213.423,213.097,0.0009,0.12
13.11.2023 06:34:08.613 GMT-0800,213.413,213.097,0.0009,0.12
13.11.2023 06:34:08.664 GMT-0800,213.63400000000001,213.096,0.12,0.12
13.11.2023 06:34:08.738 GMT-0800,213.403,213.097,0.0009,0.12
13.11.2023 06:34:09.278 GMT-0800,213.633,213.097,0.12,0.12
13.11.2023 06:34:09.329 GMT-0800,213.40400000000002,213.096,0.12,0.12
13.11.2023 06:34:09.509 GMT-0800,213.27400000000003,213.096,0.0009,0.12
13.11.2023 06:34:10.987 GMT-0800,213.63400000000001,213.096,0.12,0.12
13.11.2023 06:34:15.658 GMT-0800,213.373,213.097,0.0009,0.09
13.11.2023 06:34:15.709 GMT-0800,213.37400000000002,213.02599999999998,0.12,0.12
13.11.2023 06:34:15.810 GMT-0800,213.63400000000001,213.02599999999998,0.12,0.12
13.11.2023 06:34:15.926 GMT-0800,213.353,213.02700000000002,0.0009,0.12
13.11.2023 06:34:16.732 GMT-0800,213.363,213.02700000000002,0.12,0.12
13.11.2023 06:34:16.845 GMT-0800,213.333,213.02700000000002,0.0009,0.12
13.11.2023 06:34:16.896 GMT-0800,213.36400000000003,213.02599999999998,0.12,0.12
13.11.2023 06:34:17.861 GMT-0800,213.28400000000002,213.02599999999998,0.12,0.12
13.11.2023 06:34:17.964 GMT-0800,213.363,213.02700000000002,0.12,0.12
13.11.2023 06:34:18.088 GMT-0800,213.28400000000002,213.02599999999998,0.0009,0.12
13.11.2023 06:34:18.228 GMT-0800,213.253,213.02700000000002,0.0009,0.12
13.11.2023 06:34:18.744 GMT-0800,213.283,213.02700000000002,0.12,0.12
13.11.2023 06:34:19.747 GMT-0800,213.363,213.02700000000002,0.12,0.12
13.11.2023 06:34:21.359 GMT-0800,213.204,213.01,0.0009,0.09
13.11.2023 06:34:21.409 GMT-0800,213.204,212.446,0.12,0.12
13.11.2023 06:34:21.772 GMT-0800,213.36400000000003,212.446,0.12,0.12
13.11.2023 06:34:24.561 GMT-0800,213.123,212.447,0.12,0.12
13.11.2023 06:34:25.409 GMT-0800,213.363,212.447,0.12,0.12
13.11.2023 06:34:25.524 GMT-0800,213.113,212.447,0.0009,0.12
13.11.2023 06:34:26.385 GMT-0800,213.103,212.447,0.0009,0.12
13.11.2023 06:34:26.779 GMT-0800,213.363,212.447,0.12,0.12
13.11.2023 06:34:26.830 GMT-0800,213.104,212.446,0.12,0.12
13.11.2023 06:34:27.377 GMT-0800,213.093,212.447,0.0009,0.12
13.11.2023 06:34:27.825 GMT-0800,213.36400000000003,212.446,0.12,0.12
13.11.2023 06:34:27.875 GMT-0800,213.09400000000002,212.446,0.12,0.12
13.11.2023 06:34:28.428 GMT-0800,213.36400000000003,212.446,0.12,0.12
13.11.2023 06:34:28.575 GMT-0800,213.083,212.447,0.0009,0.12
13.11.2023 06:34:29.383 GMT-0800,213.073,212.447,0.0009,0.12
13.11.2023 06:34:29.585 GMT-0800,213.363,212.447,0.12,0.12
13.11.2023 06:34:29.636 GMT-0800,213.073,212.447,0.12,0.12
13.11.2023 06:34:30.379 GMT-0800,213.063,212.447,0.0009,0.12
13.11.2023 06:34:30.640 GMT-0800,213.363,212.447,0.12,0.12
13.11.2023 06:34:30.691 GMT-0800,213.06400000000002,212.446,0.0009,0.12
13.11.2023 06:34:31.384 GMT-0800,213.053,212.447,0.0009,0.12
13.11.2023 06:34:32.431 GMT-0800,213.363,212.447,0.12,0.12
13.11.2023 06:34:32.482 GMT-0800,213.05400000000003,212.446,0.12,0.12
13.11.2023 06:34:34.019 GMT-0800,213.36400000000003,212.446,0.12,0.12
13.11.2023 06:34:34.344 GMT-0800,213.36400000000003,212.446,0.09,0.1
13.11.2023 06:34:34.395 GMT-0800,213.643,212.92700000000002,0.12,0.12
13.11.2023 06:34:34.691 GMT-0800,213.643,212.917,0.12,0.12
13.11.2023 06:34:58.147 GMT-0800,213.203,212.717,0.0009,0.12
13.11.2023 06:34:58.198 GMT-0800,213.563,212.717,0.12,0.12
13.11.2023 06:35:00.232 GMT-0800,213.47400000000002,212.71599999999998,0.0009,0.12
13.11.2023 06:35:08.549 GMT-0800,213.47400000000002,212.71599999999998,0.12,0.1
13.11.2023 06:35:11.132 GMT-0800,213.47299999999998,213.097,0.12,0.1
13.11.2023 06:35:11.183 GMT-0800,213.55400000000003,213.18599999999998,0.12,0.12
13.11.2023 06:35:11.392 GMT-0800,213.643,213.187,0.12,0.12
13.11.2023 06:35:12.070 GMT-0800,213.56400000000002,213.18599999999998,0.0009,0.12
13.11.2023 06:35:15.194 GMT-0800,213.313,213.187,0.0009,0.09
13.11.2023 06:35:15.245 GMT-0800,213.313,213.097,0.12,0.12
13.11.2023 06:35:15.798 GMT-0800,213.213,213.097,0.0009,0.09
13.11.2023 06:35:15.849 GMT-0800,213.33400000000003,213.02599999999998,0.12,0.12
13.11.2023 06:35:16.521 GMT-0800,213.30400000000003,213.02599999999998,0.0009,0.09
13.11.2023 06:35:16.647 GMT-0800,213.30400000000003,212.706,0.12,0.12
13.11.2023 06:35:16.789 GMT-0800,213.30400000000003,212.706,0.12,0.1
13.11.2023 06:35:18.174 GMT-0800,213.103,212.877,0.0009,0.12
13.11.2023 06:35:28.877 GMT-0800,213.104,212.87599999999998,0.09,0.1
13.11.2023 06:35:28.927 GMT-0800,213.333,212.98700000000002,0.12,0.12
13.11.2023 06:35:29.200 GMT-0800,213.22299999999998,212.98700000000002,0.0009,0.12
13.11.2023 06:35:29.604 GMT-0800,213.333,212.98700000000002,0.12,0.12
13.11.2023 06:35:30.544 GMT-0800,213.33400000000003,212.87599999999998,0.12,0.12
13.11.2023 06:35:34.440 GMT-0800,213.33400000000003,212.87599999999998,0.12,0.1
13.11.2023 06:35:34.642 GMT-0800,213.333,212.877,0.12,0.12
13.11.2023 06:35:34.783 GMT-0800,213.33400000000003,212.87599999999998,0.12,0.1
13.11.2023 06:35:34.884 GMT-0800,213.333,212.877,0.12,0.12
13.11.2023 06:35:35.895 GMT-0800,213.333,212.877,0.12,0.1
13.11.2023 06:35:35.996 GMT-0800,213.33400000000003,212.87599999999998,0.12,0.12
13.11.2023 06:35:37.818 GMT-0800,213.333,212.877,0.12,0.1
13.11.2023 06:35:38.226 GMT-0800,213.33400000000003,212.87599999999998,0.12,0.12
13.11.2023 06:35:44.685 GMT-0800,213.18400000000003,212.87599999999998,0.0009,0.12
13.11.2023 06:35:44.919 GMT-0800,213.333,212.877,0.12,0.12
13.11.2023 06:35:44.997 GMT-0800,213.264,212.87599999999998,0.0009,0.12
13.11.2023 06:35:52.607 GMT-0800,213.19299999999998,212.877,0.0009,0.09
13.11.2023 06:35:52.657 GMT-0800,213.19400000000002,212.83599999999998,0.12,0.12
13.11.2023 06:35:52.708 GMT-0800,213.103,212.83700000000002,0.12,0.12
13.11.2023 06:35:52.977 GMT-0800,213.19400000000002,212.83599999999998,0.12,0.12
13.11.2023 06:35:54.659 GMT-0800,213.093,212.83700000000002,0.0009,0.12
13.11.2023 06:35:57.082 GMT-0800,213.09400000000002,212.796,0.12,0.12
13.11.2023 06:35:57.183 GMT-0800,213.15400000000002,212.796,0.12,0.12
13.11.2023 06:35:57.289 GMT-0800,213.013,212.79700000000003,0.0009,0.12
13.11.2023 06:35:59.799 GMT-0800,212.913,212.79700000000003,0.0009,0.09
13.11.2023 06:35:59.849 GMT-0800,213.014,212.68599999999998,0.12,0.12
13.11.2023 06:36:00.068 GMT-0800,212.853,212.687,0.0009,0.09
13.11.2023 06:36:00.118 GMT-0800,213.00400000000002,212.68599999999998,0.0009,0.09
13.11.2023 06:36:00.169 GMT-0800,213.003,212.447,0.12,0.12
13.11.2023 06:36:00.243 GMT-0800,213.00400000000002,212.446,0.12,0.1
13.11.2023 06:36:00.829 GMT-0800,213.003,212.54700000000003,0.12,0.1
13.11.2023 06:36:01.111 GMT-0800,213.00400000000002,212.55599999999998,0.12,0.1
13.11.2023 06:36:01.162 GMT-0800,213.00400000000002,212.55599999999998,0.09,0.12
13.11.2023 06:36:01.213 GMT-0800,213.014,212.55599999999998,0.12,0.12
13.11.2023 06:36:01.690 GMT-0800,213.02400000000003,212.55599999999998,0.12,0.12
13.11.2023 06:36:02.688 GMT-0800,212.91400000000002,212.55599999999998,0.0009,0.12
13.11.2023 06:36:06.123 GMT-0800,212.803,212.55700000000002,0.0009,0.09
13.11.2023 06:36:06.174 GMT-0800,212.80400000000003,212.546,0.12,0.12
13.11.2023 06:36:06.326 GMT-0800,212.80400000000003,212.536,0.12,0.12
13.11.2023 06:36:06.460 GMT-0800,212.913,212.537,0.12,0.12
13.11.2023 06:36:06.778 GMT-0800,212.80400000000003,212.536,0.0009,0.12
13.11.2023 06:36:06.860 GMT-0800,212.913,212.537,0.12,0.12
13.11.2023 06:36:08.145 GMT-0800,212.773,212.537,0.0009,0.09
13.11.2023 06:36:08.195 GMT-0800,212.77400000000003,212.446,0.12,0.12
13.11.2023 06:36:10.923 GMT-0800,212.713,212.447,0.0009,0.09
13.11.2023 06:36:10.973 GMT-0800,212.713,211.997,0.12,0.09
13.11.2023 06:36:12.382 GMT-0800,212.773,211.98700000000002,0.12,0.1
13.11.2023 06:36:13.003 GMT-0800,212.773,211.997,0.12,0.1
13.11.2023 06:36:13.054 GMT-0800,212.77400000000003,211.99599999999998,0.12,0.12
13.11.2023 06:36:15.309 GMT-0800,212.773,211.997,0.12,0.1
13.11.2023 06:36:15.615 GMT-0800,212.773,212.287,0.12,0.1
13.11.2023 06:36:22.537 GMT-0800,212.853,212.357,0.12,0.12
13.11.2023 06:36:22.596 GMT-0800,212.853,212.36700000000002,0.12,0.12
13.11.2023 06:36:27.469 GMT-0800,212.853,212.357,0.12,0.12
13.11.2023 06:36:27.520 GMT-0800,212.854,212.36599999999999,0.12,0.12
13.11.2023 06:36:27.776 GMT-0800,212.854,212.356,0.12,0.12
13.11.2023 06:36:27.945 GMT-0800,212.853,212.357,0.12,0.1
13.11.2023 06:36:30.357 GMT-0800,212.854,212.36599999999999,0.12,0.1
13.11.2023 06:36:30.482 GMT-0800,213.074,212.476,0.12,0.12
13.11.2023 06:36:30.625 GMT-0800,213.044,212.476,0.0009,0.12
13.11.2023 06:36:30.726 GMT-0800,213.044,212.476,0.12,0.1
13.11.2023 06:36:37.470 GMT-0800,212.87400000000002,212.596,0.0009,0.12
13.11.2023 06:36:45.000 GMT-0800,212.87400000000002,212.596,0.09,0.1
13.11.2023 06:36:45.051 GMT-0800,213.144,212.786,0.12,0.12
13.11.2023 06:36:45.500 GMT-0800,213.093,212.787,0.0009,0.09
13.11.2023 06:36:45.703 GMT-0800,213.09400000000002,212.726,0.12,0.12
13.11.2023 06:36:48.768 GMT-0800,213.053,212.727,0.0009,0.09
13.11.2023 06:36:48.819 GMT-0800,213.053,212.607,0.12,0.12
13.11.2023 06:36:49.770 GMT-0800,213.014,212.606,0.0009,0.12
13.11.2023 06:36:52.164 GMT-0800,212.91400000000002,212.606,0.0009,0.12
13.11.2023 06:36:52.338 GMT-0800,213.013,212.607,0.12,0.12
13.11.2023 06:36:52.804 GMT-0800,212.894,212.606,0.0009,0.12
13.11.2023 06:36:53.073 GMT-0800,213.014,212.606,0.12,0.12
13.11.2023 06:36:54.460 GMT-0800,212.88400000000001,212.606,0.0009,0.12
13.11.2023 06:36:55.502 GMT-0800,212.873,212.607,0.0009,0.12
13.11.2023 06:36:56.032 GMT-0800,212.883,212.607,0.12,0.12
13.11.2023 06:37:04.416 GMT-0800,212.88400000000001,212.606,0.12,0.1
13.11.2023 06:37:17.018 GMT-0800,212.823,212.627,0.0009,0.12
13.11.2023 06:37:17.069 GMT-0800,212.88400000000001,212.62599999999998,0.12,0.12
13.11.2023 06:37:19.090 GMT-0800,212.853,212.627,0.0009,0.12
13.11.2023 06:37:31.671 GMT-0800,212.743,212.627,0.0009,0.09
13.11.2023 06:37:31.722 GMT-0800,212.74400000000003,212.476,0.12,0.12
13.11.2023 06:37:32.075 GMT-0800,212.853,212.597,0.12,0.12
13.11.2023 06:37:32.176 GMT-0800,212.734,212.476,0.12,0.12
13.11.2023 06:37:32.500 GMT-0800,212.853,212.477,0.12,0.12
13.11.2023 06:37:34.687 GMT-0800,212.83400000000003,212.476,0.0009,0.09
13.11.2023 06:37:34.740 GMT-0800,212.833,212.227,0.12,0.12
13.11.2023 06:37:35.047 GMT-0800,212.794,212.226,0.0009,0.12
13.11.2023 06:37:37.637 GMT-0800,212.793,212.227,0.12,0.1
13.11.2023 06:37:37.738 GMT-0800,212.69400000000002,212.296,0.0009,0.12
13.11.2023 06:37:38.412 GMT-0800,212.793,212.29700000000003,0.12,0.12
13.11.2023 06:37:38.889 GMT-0800,212.603,212.29700000000003,0.0009,0.12
13.11.2023 06:37:53.627 GMT-0800,212.59400000000002,212.296,0.0009,0.12
13.11.2023 06:37:54.206 GMT-0800,212.604,212.296,0.12,0.12
13.11.2023 06:37:54.289 GMT-0800,212.593,212.29700000000003,0.0009,0.12
13.11.2023 06:37:54.551 GMT-0800,212.604,212.296,0.12,0.12
13.11.2023 06:37:54.715 GMT-0800,212.593,212.29700000000003,0.0009,0.12
13.11.2023 06:37:56.246 GMT-0800,212.58400000000003,212.296,0.0009,0.12
13.11.2023 06:37:56.488 GMT-0800,212.573,212.29700000000003,0.12,0.12
13.11.2023 06:37:57.325 GMT-0800,212.583,212.29700000000003,0.12,0.12
13.11.2023 06:37:57.527 GMT-0800,212.513,212.29700000000003,0.0009,0.12
13.11.2023 06:37:57.628 GMT-0800,212.58400000000003,212.296,0.12,0.12
13.11.2023 06:38:00.383 GMT-0800,212.603,212.29700000000003,0.12,0.12
13.11.2023 06:38:00.680 GMT-0800,212.603,212.29700000000003,0.12,0.1
13.11.2023 06:38:00.731 GMT-0800,212.603,212.30700000000002,0.12,0.12
13.11.2023 06:38:00.996 GMT-0800,212.66400000000002,212.30599999999998,0.12,0.12
13.11.2023 06:38:06.893 GMT-0800,212.663,212.30700000000002,0.12,0.1
13.11.2023 06:38:08.515 GMT-0800,212.363,212.317,0.0009,0.09
13.11.2023 06:38:08.566 GMT-0800,212.454,212.02599999999998,0.12,0.12
13.11.2023 06:38:08.817 GMT-0800,212.453,211.997,0.12,0.12
13.11.2023 06:38:09.568 GMT-0800,212.543,211.997,0.12,0.12
13.11.2023 06:38:10.204 GMT-0800,212.50400000000002,211.99599999999998,0.0009,0.12
13.11.2023 06:38:11.820 GMT-0800,212.543,211.997,0.12,0.12
13.11.2023 06:38:12.122 GMT-0800,212.544,211.99599999999998,0.12,0.1
13.11.2023 06:38:12.173 GMT-0800,212.544,211.99599999999998,0.12,0.12
13.11.2023 06:38:14.031 GMT-0800,212.544,211.99599999999998,0.12,0.1
13.11.2023 06:38:14.132 GMT-0800,212.544,211.99599999999998,0.12,0.12
13.11.2023 06:38:14.590 GMT-0800,212.544,211.99599999999998,0.12,0.1
13.11.2023 06:38:15.640 GMT-0800,212.583,212.217,0.12,0.12
13.11.2023 06:38:16.522 GMT-0800,212.583,212.217,0.12,0.1
13.11.2023 06:38:19.978 GMT-0800,212.58400000000003,212.21599999999998,0.12,0.12
13.11.2023 06:38:20.035 GMT-0800,212.58400000000003,212.21599999999998,0.12,0.1
13.11.2023 06:38:20.137 GMT-0800,212.663,212.317,0.12,0.12
13.11.2023 06:38:20.238 GMT-0800,212.803,212.30700000000002,0.12,0.12
13.11.2023 06:38:20.289 GMT-0800,212.80400000000003,212.316,0.12,0.12
13.11.2023 06:38:20.459 GMT-0800,212.683,212.317,0.0009,0.12
13.11.2023 06:38:20.879 GMT-0800,212.68400000000003,212.30599999999998,0.12,0.12
13.11.2023 06:38:21.603 GMT-0800,212.683,212.30700000000002,0.12,0.1
13.11.2023 06:38:24.302 GMT-0800,212.683,212.36700000000002,0.09,0.1
13.11.2023 06:38:24.427 GMT-0800,213.074,212.506,0.12,0.12
13.11.2023 06:38:24.537 GMT-0800,212.963,212.507,0.0009,0.1
13.11.2023 06:38:26.242 GMT-0800,212.77400000000003,212.576,0.0009,0.09
13.11.2023 06:38:26.293 GMT-0800,212.77400000000003,212.506,0.12,0.12
13.11.2023 06:38:26.649 GMT-0800,212.87400000000002,212.506,0.12,0.12
13.11.2023 06:38:28.134 GMT-0800,212.87400000000002,212.506,0.12,0.1
13.11.2023 06:38:28.185 GMT-0800,212.87400000000002,212.506,0.12,0.12
13.11.2023 06:38:34.391 GMT-0800,212.753,212.507,0.0009,0.12
13.11.2023 06:38:34.845 GMT-0800,212.753,212.507,0.09,0.1
13.11.2023 06:38:34.895 GMT-0800,213.143,212.51700000000002,0.12,0.12
13.11.2023 06:38:35.114 GMT-0800,213.083,212.51700000000002,0.0009,0.12
13.11.2023 06:38:36.055 GMT-0800,213.08400000000003,212.516,0.12,0.1
13.11.2023 06:38:38.283 GMT-0800,212.983,212.67700000000002,0.0009,0.12
13.11.2023 06:38:39.843 GMT-0800,212.984,212.506,0.12,0.12
13.11.2023 06:38:40.047 GMT-0800,212.923,212.507,0.0009,0.12
13.11.2023 06:38:40.641 GMT-0800,212.984,212.506,0.12,0.12
13.11.2023 06:38:41.130 GMT-0800,212.923,212.507,0.0009,0.12
13.11.2023 06:38:41.231 GMT-0800,212.83400000000003,212.506,0.0009,0.12
13.11.2023 06:38:41.471 GMT-0800,212.924,212.506,0.12,0.12
13.11.2023 06:38:41.834 GMT-0800,212.833,212.507,0.0009,0.12
13.11.2023 06:38:42.196 GMT-0800,212.924,212.506,0.12,0.12
13.11.2023 06:38:42.342 GMT-0800,212.83400000000003,212.506,0.0009,0.12
13.11.2023 06:38:42.584 GMT-0800,212.923,212.507,0.12,0.12
13.11.2023 06:38:43.522 GMT-0800,212.923,212.507,0.12,0.1
13.11.2023 06:38:43.655 GMT-0800,212.83400000000003,212.576,0.0009,0.12
13.11.2023 06:38:43.825 GMT-0800,212.923,212.577,0.12,0.12
13.11.2023 06:38:43.876 GMT-0800,212.833,212.577,0.0009,0.12
13.11.2023 06:38:44.554 GMT-0800,212.924,212.576,0.12,0.12
13.11.2023 06:38:44.730 GMT-0800,212.833,212.577,0.0009,0.12
13.11.2023 06:38:44.894 GMT-0800,212.923,212.577,0.12,0.12
13.11.2023 06:38:46.573 GMT-0800,212.833,212.577,0.0009,0.12
13.11.2023 06:38:46.992 GMT-0800,212.923,212.577,0.12,0.12
13.11.2023 06:38:47.172 GMT-0800,212.83400000000003,212.576,0.0009,0.12
13.11.2023 06:38:47.336 GMT-0800,212.923,212.577,0.12,0.12
13.11.2023 06:38:47.420 GMT-0800,212.833,212.577,0.0009,0.12
13.11.2023 06:38:48.372 GMT-0800,212.923,212.577,0.12,0.12
13.11.2023 06:38:48.428 GMT-0800,212.833,212.577,0.0009,0.12
13.11.2023 06:38:50.432 GMT-0800,212.824,212.576,0.09,0.12
13.11.2023 06:38:51.343 GMT-0800,212.813,212.577,0.0009,0.12
13.11.2023 06:38:51.599 GMT-0800,212.833,212.577,0.12,0.12
13.11.2023 06:38:52.332 GMT-0800,212.81400000000002,212.576,0.0009,0.12
13.11.2023 06:38:52.630 GMT-0800,212.833,212.577,0.12,0.12
13.11.2023 06:38:52.681 GMT-0800,212.813,212.577,0.0009,0.12
13.11.2023 06:38:52.908 GMT-0800,212.833,212.577,0.12,0.12
13.11.2023 06:38:55.972 GMT-0800,212.833,212.577,0.09,0.1
13.11.2023 06:38:56.022 GMT-0800,212.923,212.64700000000002,0.12,0.12
13.11.2023 06:38:59.518 GMT-0800,212.923,212.64700000000002,0.12,0.1
13.11.2023 06:39:00.895 GMT-0800,212.923,212.64700000000002,0.12,0.12
13.11.2023 06:39:00.999 GMT-0800,212.83400000000003,212.646,0.0009,0.12
13.11.2023 06:39:02.204 GMT-0800,212.83400000000003,212.706,0.12,0.12
13.11.2023 06:39:08.761 GMT-0800,212.83400000000003,212.706,0.09,0.1
13.11.2023 06:39:08.812 GMT-0800,212.97299999999998,212.76700000000002,0.12,0.12
13.11.2023 06:39:10.797 GMT-0800,213.083,212.76700000000002,0.12,0.12
13.11.2023 06:39:12.773 GMT-0800,212.933,212.76700000000002,0.0009,0.09
13.11.2023 06:39:12.824 GMT-0800,212.93400000000003,212.726,0.12,0.12
13.11.2023 06:39:13.179 GMT-0800,213.083,212.727,0.12,0.12
13.11.2023 06:39:18.099 GMT-0800,213.08400000000003,212.726,0.12,0.1
13.11.2023 06:39:21.714 GMT-0800,212.97299999999998,212.76700000000002,0.0009,0.09
13.11.2023 06:39:21.765 GMT-0800,212.97400000000002,212.706,0.12,0.12
13.11.2023 06:39:22.519 GMT-0800,212.97400000000002,212.566,0.12,0.12
13.11.2023 06:39:22.895 GMT-0800,212.933,212.567,0.0009,0.09
13.11.2023 06:39:22.945 GMT-0800,212.933,212.507,0.12,0.12
13.11.2023 06:39:23.965 GMT-0800,212.93400000000003,212.506,0.12,0.1
13.11.2023 06:39:24.066 GMT-0800,212.93400000000003,212.506,0.12,0.12
13.11.2023 06:39:24.993 GMT-0800,212.933,212.507,0.12,0.1
13.11.2023 06:39:25.643 GMT-0800,212.93400000000003,212.506,0.12,0.12
13.11.2023 06:39:36.473 GMT-0800,212.93400000000003,212.506,0.12,0.1
13.11.2023 06:39:38.145 GMT-0800,212.933,212.51700000000002,0.12,0.1
13.11.2023 06:39:38.196 GMT-0800,212.933,212.51700000000002,0.12,0.12
13.11.2023 06:39:41.709 GMT-0800,212.894,212.516,0.0009,0.12
13.11.2023 06:39:41.810 GMT-0800,212.793,212.51700000000002,0.12,0.12
13.11.2023 06:39:42.127 GMT-0800,212.78400000000002,212.516,0.12,0.12
13.11.2023 06:39:43.129 GMT-0800,212.894,212.516,0.12,0.12
13.11.2023 06:39:43.336 GMT-0800,212.764,212.516,0.0009,0.12
13.11.2023 06:39:44.060 GMT-0800,212.644,212.516,0.0009,0.09
13.11.2023 06:39:44.116 GMT-0800,212.644,212.30599999999998,0.12,0.12
13.11.2023 06:39:44.461 GMT-0800,212.853,212.30700000000002,0.12,0.12
13.11.2023 06:39:45.935 GMT-0800,212.683,212.30700000000002,0.0009,0.12
13.11.2023 06:39:49.256 GMT-0800,212.683,212.30700000000002,0.12,0.1
13.11.2023 06:39:55.109 GMT-0800,212.683,212.30700000000002,0.12,0.12
13.11.2023 06:39:58.633 GMT-0800,212.68400000000003,212.30599999999998,0.12,0.1
13.11.2023 06:40:01.510 GMT-0800,212.683,212.39700000000002,0.12,0.1
13.11.2023 06:40:01.674 GMT-0800,212.68400000000003,212.416,0.12,0.12
13.11.2023 06:40:02.760 GMT-0800,212.683,212.417,0.12,0.1
13.11.2023 06:40:03.098 GMT-0800,212.68400000000003,212.416,0.12,0.12
13.11.2023 06:40:03.906 GMT-0800,212.683,212.347,0.12,0.12
13.11.2023 06:40:03.957 GMT-0800,212.653,212.347,0.12,0.12
13.11.2023 06:40:04.203 GMT-0800,212.68400000000003,212.346,0.12,0.12
13.11.2023 06:40:04.254 GMT-0800,212.63400000000001,212.346,0.12,0.12
13.11.2023 06:40:04.423 GMT-0800,212.623,212.347,0.0009,0.12
13.11.2023 06:40:04.860 GMT-0800,212.68400000000003,212.346,0.12,0.12
13.11.2023 06:40:04.912 GMT-0800,212.604,212.346,0.0009,0.12
13.11.2023 06:40:05.373 GMT-0800,212.68400000000003,212.346,0.12,0.12
13.11.2023 06:40:06.205 GMT-0800,212.683,212.347,0.12,0.1
13.11.2023 06:40:07.445 GMT-0800,212.683,212.33700000000002,0.12,0.12
13.11.2023 06:40:07.606 GMT-0800,212.68400000000003,212.33599999999998,0.12,0.1
13.11.2023 06:40:08.052 GMT-0800,212.603,212.377,0.12,0.12
13.11.2023 06:40:08.226 GMT-0800,212.603,212.36700000000002,0.12,0.12
13.11.2023 06:40:14.944 GMT-0800,212.603,212.36700000000002,0.09,0.1
13.11.2023 06:40:14.995 GMT-0800,212.683,212.537,0.12,0.12
13.11.2023 06:40:15.300 GMT-0800,212.68400000000003,212.52599999999998,0.12,0.12
13.11.2023 06:40:15.779 GMT-0800,212.68400000000003,212.52599999999998,0.12,0.1
13.11.2023 06:40:18.379 GMT-0800,212.62400000000002,212.546,0.0009,0.09
13.11.2023 06:40:18.430 GMT-0800,212.683,212.407,0.12,0.12
13.11.2023 06:40:18.481 GMT-0800,212.68400000000003,212.356,0.12,0.12
13.11.2023 06:40:18.541 GMT-0800,212.68400000000003,212.356,0.12,0.1
13.11.2023 06:40:18.697 GMT-0800,212.683,212.39700000000002,0.12,0.12
13.11.2023 06:40:20.478 GMT-0800,212.683,212.39700000000002,0.12,0.1
13.11.2023 06:40:21.224 GMT-0800,212.683,212.477,0.12,0.1
13.11.2023 06:40:26.000 GMT-0800,212.574,212.486,0.0009,0.09
13.11.2023 06:40:26.051 GMT-0800,212.683,212.48700000000002,0.12,0.09
13.11.2023 06:40:26.346 GMT-0800,212.683,212.217,0.12,0.12
13.11.2023 06:40:28.819 GMT-0800,212.683,212.217,0.12,0.1
13.11.2023 06:40:51.281 GMT-0800,212.68400000000003,212.40599999999998,0.12,0.1
13.11.2023 06:40:54.761 GMT-0800,212.68400000000003,212.40599999999998,0.12,0.12
13.11.2023 06:40:54.979 GMT-0800,212.68400000000003,212.40599999999998,0.12,0.1
13.11.2023 06:40:55.579 GMT-0800,212.68400000000003,212.40599999999998,0.12,0.12
13.11.2023 06:40:56.310 GMT-0800,212.68400000000003,212.40599999999998,0.12,0.1
13.11.2023 06:40:56.361 GMT-0800,212.683,212.407,0.12,0.12
13.11.2023 06:40:56.555 GMT-0800,212.68400000000003,212.40599999999998,0.12,0.1
13.11.2023 06:40:56.897 GMT-0800,212.68400000000003,212.40599999999998,0.12,0.12
13.11.2023 06:40:59.785 GMT-0800,212.683,212.407,0.12,0.1
13.11.2023 06:41:00.113 GMT-0800,212.683,212.407,0.12,0.12
13.11.2023 06:41:00.259 GMT-0800,212.68400000000003,212.40599999999998,0.12,0.1
13.11.2023 06:41:01.270 GMT-0800,212.68400000000003,212.40599999999998,0.12,0.12
13.11.2023 06:41:01.353 GMT-0800,212.683,212.407,0.12,0.1
13.11.2023 06:41:02.023 GMT-0800,212.68400000000003,212.416,0.12,0.1
13.11.2023 06:41:09.978 GMT-0800,212.96400000000003,212.476,0.12,0.12
13.11.2023 06:41:10.191 GMT-0800,212.94299999999998,212.477,0.0009,0.12
13.11.2023 06:41:10.520 GMT-0800,212.773,212.477,0.0009,0.12
13.11.2023 06:41:12.119 GMT-0800,212.764,212.476,0.0009,0.09
13.11.2023 06:41:12.266 GMT-0800,212.764,212.21599999999998,0.12,0.12
13.11.2023 06:41:13.233 GMT-0800,212.773,212.217,0.12,0.12
13.11.2023 06:41:15.413 GMT-0800,212.773,212.167,0.12,0.12
13.11.2023 06:41:15.464 GMT-0800,212.773,212.167,0.12,0.1
13.11.2023 06:41:17.715 GMT-0800,212.613,212.417,0.0009,0.09
13.11.2023 06:41:17.766 GMT-0800,212.613,212.167,0.12,0.12
13.11.2023 06:41:18.513 GMT-0800,212.613,212.167,0.12,0.1
13.11.2023 06:41:18.914 GMT-0800,212.61400000000003,212.166,0.12,0.12
13.11.2023 06:41:19.049 GMT-0800,212.613,212.167,0.12,0.1
13.11.2023 06:41:21.500 GMT-0800,212.61400000000003,212.416,0.12,0.1
13.11.2023 06:41:22.261 GMT-0800,212.613,212.45700000000002,0.09,0.1
13.11.2023 06:41:22.312 GMT-0800,212.773,212.567,0.12,0.12
13.11.2023 06:41:22.690 GMT-0800,212.77400000000003,212.536,0.12,0.12
13.11.2023 06:41:28.137 GMT-0800,212.663,212.537,0.0009,0.09
13.11.2023 06:41:28.238 GMT-0800,212.663,212.167,0.12,0.12
13.11.2023 06:41:28.540 GMT-0800,212.77400000000003,212.166,0.12,0.12
13.11.2023 06:41:29.442 GMT-0800,212.743,212.167,0.0009,0.12
13.11.2023 06:41:29.649 GMT-0800,212.55400000000003,212.166,0.0009,0.1
13.11.2023 06:41:33.358 GMT-0800,212.55400000000003,212.166,0.12,0.12
13.11.2023 06:41:35.085 GMT-0800,212.553,212.167,0.12,0.1
13.11.2023 06:41:36.939 GMT-0800,212.553,212.357,0.09,0.1
13.11.2023 06:41:36.990 GMT-0800,212.74400000000003,212.446,0.12,0.12
13.11.2023 06:41:37.359 GMT-0800,212.743,212.407,0.12,0.12
13.11.2023 06:41:37.553 GMT-0800,212.743,212.357,0.12,0.12
13.11.2023 06:41:37.610 GMT-0800,212.74400000000003,212.356,0.12,0.1
13.11.2023 06:41:37.661 GMT-0800,213.043,212.45700000000002,0.12,0.12
13.11.2023 06:41:37.769 GMT-0800,213.043,212.45700000000002,0.12,0.1
13.11.2023 06:41:37.870 GMT-0800,212.96400000000003,212.606,0.0009,0.12
13.11.2023 06:41:38.616 GMT-0800,212.96400000000003,212.606,0.12,0.1
13.11.2023 06:41:38.667 GMT-0800,212.96400000000003,212.606,0.12,0.1
13.11.2023 06:41:45.058 GMT-0800,212.924,212.646,0.0009,0.12
13.11.2023 06:41:47.595 GMT-0800,212.924,212.646,0.12,0.1
13.11.2023 06:41:47.953 GMT-0800,212.824,212.646,0.09,0.12
13.11.2023 06:41:48.129 GMT-0800,212.924,212.646,0.12,0.12
13.11.2023 06:41:54.205 GMT-0800,212.923,212.64700000000002,0.12,0.1
13.11.2023 06:41:54.711 GMT-0800,212.763,212.657,0.0009,0.12
13.11.2023 06:41:57.593 GMT-0800,212.76500000000001,212.65599999999998,0.09,0.1
13.11.2023 06:41:57.644 GMT-0800,212.924,212.71599999999998,0.12,0.12
13.11.2023 06:41:58.352 GMT-0800,212.96400000000003,212.71599999999998,0.12,0.12
13.11.2023 06:42:04.646 GMT-0800,212.824,212.71599999999998,0.0009,0.12
13.11.2023 06:42:21.677 GMT-0800,212.824,212.676,0.12,0.12
13.11.2023 06:42:28.494 GMT-0800,212.823,212.67700000000002,0.12,0.1
13.11.2023 06:42:31.816 GMT-0800,212.824,212.65599999999998,0.12,0.12
13.11.2023 06:42:35.207 GMT-0800,212.824,212.65599999999998,0.12,0.1
13.11.2023 06:42:37.359 GMT-0800,212.783,212.687,0.0009,0.12
13.11.2023 06:42:40.572 GMT-0800,212.783,212.687,0.09,0.1
13.11.2023 06:42:40.713 GMT-0800,212.824,212.696,0.12,0.12
13.11.2023 06:42:42.192 GMT-0800,212.823,212.55700000000002,0.12,0.12
13.11.2023 06:42:47.642 GMT-0800,212.824,212.55599999999998,0.12,0.1
13.11.2023 06:42:47.852 GMT-0800,212.824,212.55599999999998,0.12,0.12
13.11.2023 06:42:51.922 GMT-0800,212.823,212.55700000000002,0.12,0.1
13.11.2023 06:42:56.849 GMT-0800,212.653,212.45700000000002,0.12,0.12
13.11.2023 06:42:59.186 GMT-0800,212.743,212.45700000000002,0.12,0.12
13.11.2023 06:42:59.237 GMT-0800,212.74400000000003,212.46599999999998,0.12,0.12
13.11.2023 06:42:59.395 GMT-0800,212.74400000000003,212.456,0.12,0.12
13.11.2023 06:43:00.384 GMT-0800,212.65400000000002,212.446,0.12,0.12
13.11.2023 06:43:01.975 GMT-0800,212.644,212.256,0.12,0.12
13.11.2023 06:43:02.081 GMT-0800,212.643,212.257,0.12,0.1
13.11.2023 06:43:02.352 GMT-0800,212.643,212.257,0.12,0.12
13.11.2023 06:43:02.730 GMT-0800,212.653,212.257,0.12,0.12
13.11.2023 06:43:02.828 GMT-0800,212.653,212.257,0.12,0.1
13.11.2023 06:43:03.239 GMT-0800,212.644,212.316,0.09,0.12
13.11.2023 06:43:03.290 GMT-0800,212.653,212.317,0.12,0.12
13.11.2023 06:43:04.649 GMT-0800,212.644,212.316,0.0009,0.12
13.11.2023 06:43:05.023 GMT-0800,212.653,212.317,0.12,0.12
13.11.2023 06:43:05.228 GMT-0800,212.643,212.317,0.0009,0.12
13.11.2023 06:43:11.081 GMT-0800,212.644,212.316,0.12,0.1
13.11.2023 06:43:16.162 GMT-0800,212.643,212.317,0.12,0.12
13.11.2023 06:43:16.368 GMT-0800,212.62400000000002,212.346,0.12,0.12
13.11.2023 06:43:16.721 GMT-0800,212.62400000000002,212.316,0.12,0.12
13.11.2023 06:43:17.273 GMT-0800,212.544,212.316,0.0009,0.12
13.11.2023 06:43:17.324 GMT-0800,212.623,212.317,0.12,0.12
13.11.2023 06:43:20.144 GMT-0800,212.62400000000002,212.316,0.12,0.1
13.11.2023 06:43:22.356 GMT-0800,212.62400000000002,212.33599999999998,0.12,0.1
13.11.2023 06:43:22.539 GMT-0800,212.623,212.33700000000002,0.12,0.12
13.11.2023 06:43:23.373 GMT-0800,212.603,212.33700000000002,0.12,0.12
13.11.2023 06:43:30.249 GMT-0800,212.704,212.33599999999998,0.12,0.12
13.11.2023 06:43:35.820 GMT-0800,212.58400000000003,212.33599999999998,0.0009,0.12
13.11.2023 06:43:38.978 GMT-0800,212.58400000000003,212.33599999999998,0.12,0.1
13.11.2023 06:43:40.917 GMT-0800,212.453,212.197,0.12,0.12
13.11.2023 06:43:40.968 GMT-0800,212.583,212.197,0.12,0.12
13.11.2023 06:43:47.508 GMT-0800,212.583,212.197,0.12,0.1
13.11.2023 06:43:49.697 GMT-0800,212.583,212.197,0.12,0.12
13.11.2023 06:43:51.030 GMT-0800,212.483,212.197,0.0009,0.12
13.11.2023 06:43:51.080 GMT-0800,212.52400000000003,212.196,0.12,0.12
13.11.2023 06:43:51.207 GMT-0800,212.523,212.197,0.12,0.1
13.11.2023 06:43:51.470 GMT-0800,212.514,212.296,0.0009,0.12
13.11.2023 06:43:52.941 GMT-0800,212.513,212.287,0.12,0.12
13.11.2023 06:43:53.739 GMT-0800,212.514,212.286,0.12,0.1
13.11.2023 06:43:53.896 GMT-0800,212.43400000000003,212.196,0.12,0.1
13.11.2023 06:43:53.955 GMT-0800,212.433,212.197,0.12,0.12
13.11.2023 06:43:58.673 GMT-0800,212.433,212.197,0.12,0.1
13.11.2023 06:44:00.744 GMT-0800,212.493,212.30700000000002,0.12,0.12
13.11.2023 06:44:00.795 GMT-0800,212.484,212.30599999999998,0.0009,0.12
13.11.2023 06:44:00.925 GMT-0800,212.46400000000003,212.30599999999998,0.0009,0.12
13.11.2023 06:44:02.658 GMT-0800,212.46400000000003,212.30599999999998,0.09,0.1
13.11.2023 06:44:02.709 GMT-0800,212.463,212.30700000000002,0.12,0.12
13.11.2023 06:44:09.438 GMT-0800,212.44400000000002,212.30599999999998,0.0009,0.12
13.11.2023 06:44:13.756 GMT-0800,212.44400000000002,212.30599999999998,0.12,0.1
13.11.2023 06:44:18.572 GMT-0800,212.433,212.327,0.0009,0.12
13.11.2023 06:44:25.628 GMT-0800,212.46400000000003,212.326,0.12,0.12
13.11.2023 06:44:26.445 GMT-0800,212.43400000000003,212.326,0.0009,0.12
13.11.2023 06:44:28.804 GMT-0800,212.433,212.33700000000002,0.12,0.12
13.11.2023 06:44:33.586 GMT-0800,212.383,212.257,0.12,0.12
13.11.2023 06:44:34.370 GMT-0800,212.463,212.257,0.12,0.12
13.11.2023 06:44:37.869 GMT-0800,212.50400000000002,212.256,0.12,0.12
13.11.2023 06:44:38.130 GMT-0800,212.583,212.257,0.12,0.12
13.11.2023 06:44:38.317 GMT-0800,212.523,212.257,0.0009,0.12
13.11.2023 06:44:39.403 GMT-0800,212.52400000000003,212.256,0.09,0.1
13.11.2023 06:44:39.597 GMT-0800,212.50400000000002,212.346,0.12,0.12
13.11.2023 06:44:42.491 GMT-0800,212.503,212.257,0.12,0.12
13.11.2023 06:44:42.717 GMT-0800,212.503,212.257,0.12,0.1
13.11.2023 06:44:47.533 GMT-0800,212.50400000000002,212.256,0.12,0.12
13.11.2023 06:44:48.095 GMT-0800,212.513,212.257,0.12,0.12
13.11.2023 06:44:51.071 GMT-0800,212.36400000000003,212.256,0.0009,0.12
13.11.2023 06:44:54.488 GMT-0800,212.31400000000002,212.256,0.0009,0.09
13.11.2023 06:44:54.539 GMT-0800,212.313,212.197,0.12,0.12
13.11.2023 06:44:54.891 GMT-0800,212.363,212.197,0.12,0.12
13.11.2023 06:44:55.897 GMT-0800,212.36400000000003,212.11599999999999,0.12,0.12
13.11.2023 06:44:56.132 GMT-0800,212.33400000000003,212.11599999999999,0.0009,0.12
13.11.2023 06:44:58.717 GMT-0800,212.333,212.11700000000002,0.12,0.1
13.11.2023 06:45:05.256 GMT-0800,212.345,212.247,0.09,0.1
13.11.2023 06:45:05.307 GMT-0800,212.333,212.247,0.12,0.12
13.11.2023 06:45:05.771 GMT-0800,212.338,212.24599999999998,0.09,0.1
13.11.2023 06:45:05.829 GMT-0800,212.335,212.24599999999998,0.09,0.12
13.11.2023 06:45:05.997 GMT-0800,212.513,212.247,0.12,0.12
13.11.2023 06:45:07.061 GMT-0800,212.513,212.097,0.12,0.12
13.11.2023 06:45:07.478 GMT-0800,212.513,212.097,0.12,0.1
13.11.2023 06:45:10.952 GMT-0800,212.514,212.24599999999998,0.12,0.1
13.11.2023 06:45:11.328 GMT-0800,212.514,212.24599999999998,0.12,0.12
13.11.2023 06:45:11.717 GMT-0800,212.503,212.247,0.0009,0.12
13.11.2023 06:45:13.001 GMT-0800,212.424,212.24599999999998,0.0009,0.12
13.11.2023 06:45:13.652 GMT-0800,212.393,212.247,0.0009,0.12
13.11.2023 06:45:21.634 GMT-0800,212.50400000000002,212.24599999999998,0.12,0.12
13.11.2023 06:45:22.629 GMT-0800,212.38400000000001,212.24599999999998,0.0009,0.12
13.11.2023 06:45:22.730 GMT-0800,212.373,212.247,0.12,0.12
13.11.2023 06:45:37.978 GMT-0800,212.383,212.247,0.12,0.12
13.11.2023 06:45:38.130 GMT-0800,212.383,212.247,0.12,0.1
13.11.2023 06:45:40.205 GMT-0800,212.38400000000001,212.266,0.09,0.1
13.11.2023 06:45:40.256 GMT-0800,212.46400000000003,212.316,0.12,0.12
13.11.2023 06:45:40.559 GMT-0800,212.46400000000003,212.266,0.12,0.12
13.11.2023 06:45:41.666 GMT-0800,212.56400000000002,212.266,0.12,0.12
13.11.2023 06:45:44.104 GMT-0800,212.394,212.266,0.0009,0.12
13.11.2023 06:45:44.154 GMT-0800,212.56400000000002,212.266,0.12,0.12
13.11.2023 06:45:47.892 GMT-0800,212.52400000000003,212.266,0.0009,0.12
13.11.2023 06:45:48.073 GMT-0800,212.333,212.187,0.09,0.12
13.11.2023 06:45:48.124 GMT-0800,212.523,212.187,0.12,0.12
13.11.2023 06:45:48.175 GMT-0800,212.484,212.18599999999998,0.12,0.12
13.11.2023 06:45:48.786 GMT-0800,212.424,212.18599999999998,0.0009,0.12
13.11.2023 06:45:48.887 GMT-0800,212.34400000000002,212.18599999999998,0.12,0.12
13.11.2023 06:45:50.759 GMT-0800,212.30400000000003,212.18599999999998,0.0009,0.12
13.11.2023 06:45:54.339 GMT-0800,212.22400000000002,212.11599999999999,0.12,0.12
13.11.2023 06:45:57.495 GMT-0800,212.403,212.077,0.12,0.12
13.11.2023 06:45:57.596 GMT-0800,212.403,212.11700000000002,0.12,0.12
13.11.2023 06:45:57.844 GMT-0800,212.40400000000002,212.11599999999999,0.12,0.1
13.11.2023 06:45:58.254 GMT-0800,212.343,212.127,0.0009,0.12
13.11.2023 06:46:02.032 GMT-0800,212.343,212.157,0.12,0.12
13.11.2023 06:46:02.800 GMT-0800,212.403,212.157,0.12,0.12
13.11.2023 06:46:03.253 GMT-0800,212.44400000000002,212.15599999999998,0.12,0.12
13.11.2023 06:46:06.979 GMT-0800,212.44400000000002,212.15599999999998,0.12,0.1
13.11.2023 06:46:07.368 GMT-0800,212.363,212.01700000000002,0.12,0.12
13.11.2023 06:46:07.419 GMT-0800,212.31400000000002,212.016,0.12,0.12
13.11.2023 06:46:07.576 GMT-0800,212.313,212.01700000000002,0.12,0.1
13.11.2023 06:46:13.055 GMT-0800,212.31400000000002,212.05599999999998,0.12,0.1
13.11.2023 06:46:14.312 GMT-0800,212.303,212.157,0.0009,0.12
13.11.2023 06:46:18.239 GMT-0800,212.49400000000003,212.21599999999998,0.12,0.12
13.11.2023 06:46:18.632 GMT-0800,212.49400000000003,212.21599999999998,0.12,0.1
13.11.2023 06:46:20.001 GMT-0800,212.49400000000003,212.27599999999998,0.12,0.1
13.11.2023 06:46:22.485 GMT-0800,212.493,212.27700000000002,0.12,0.12
13.11.2023 06:46:22.824 GMT-0800,212.373,212.27700000000002,0.0009,0.12
13.11.2023 06:46:22.875 GMT-0800,212.49400000000003,212.27599999999998,0.12,0.12
13.11.2023 06:46:25.641 GMT-0800,212.49400000000003,212.08599999999998,0.12,0.12
13.11.2023 06:46:25.892 GMT-0800,212.56400000000002,212.08599999999998,0.12,0.12
13.11.2023 06:46:26.151 GMT-0800,212.56400000000002,212.08599999999998,0.12,0.1
13.11.2023 06:46:26.930 GMT-0800,212.503,212.097,0.0009,0.09
13.11.2023 06:46:26.980 GMT-0800,212.50400000000002,212.08599999999998,0.12,0.12
13.11.2023 06:46:28.473 GMT-0800,212.503,212.08700000000002,0.12,0.1
13.11.2023 06:46:28.574 GMT-0800,212.503,212.227,0.12,0.12
13.11.2023 06:46:28.720 GMT-0800,212.503,212.127,0.12,0.12
13.11.2023 06:46:30.119 GMT-0800,212.50400000000002,212.12599999999998,0.12,0.1
13.11.2023 06:46:30.220 GMT-0800,212.503,212.217,0.12,0.12
13.11.2023 06:46:31.571 GMT-0800,212.50400000000002,212.21599999999998,0.12,0.1
13.11.2023 06:46:31.757 GMT-0800,212.50400000000002,212.21599999999998,0.12,0.12
13.11.2023 06:46:36.739 GMT-0800,212.40400000000002,212.21599999999998,0.0009,0.12
13.11.2023 06:46:36.790 GMT-0800,212.413,212.217,0.0009,0.12
13.11.2023 06:46:36.841 GMT-0800,212.40400000000002,212.21599999999998,0.0009,0.12
13.11.2023 06:46:37.510 GMT-0800,212.413,212.217,0.12,0.12
13.11.2023 06:46:41.367 GMT-0800,212.41400000000002,212.046,0.12,0.12
13.11.2023 06:46:41.576 GMT-0800,212.41400000000002,212.046,0.12,0.1
13.11.2023 06:46:45.099 GMT-0800,212.413,212.05700000000002,0.12,0.1
13.11.2023 06:46:46.615 GMT-0800,212.403,212.14700000000002,0.0009,0.12
13.11.2023 06:46:47.496 GMT-0800,212.403,212.14700000000002,0.12,0.1
13.11.2023 06:46:47.547 GMT-0800,212.493,212.247,0.12,0.12
13.11.2023 06:46:53.838 GMT-0800,212.493,212.247,0.12,0.1
13.11.2023 06:46:54.897 GMT-0800,212.49400000000003,212.24599999999998,0.12,0.12
13.11.2023 06:46:55.893 GMT-0800,212.493,212.247,0.12,0.1
13.11.2023 06:46:58.311 GMT-0800,212.493,212.247,0.12,0.12
13.11.2023 06:47:00.701 GMT-0800,212.353,212.247,0.0009,0.12
13.11.2023 06:47:00.867 GMT-0800,212.354,212.236,0.12,0.12
13.11.2023 06:47:04.348 GMT-0800,212.354,212.046,0.12,0.12
13.11.2023 06:47:05.129 GMT-0800,212.394,212.046,0.12,0.12
13.11.2023 06:47:06.677 GMT-0800,212.25400000000002,212.046,0.0009,0.12
13.11.2023 06:47:07.540 GMT-0800,212.25400000000002,212.046,0.12,0.1
13.11.2023 06:47:09.189 GMT-0800,212.313,211.997,0.12,0.12
13.11.2023 06:47:09.515 GMT-0800,212.353,211.997,0.12,0.12
13.11.2023 06:47:14.667 GMT-0800,212.353,211.997,0.12,0.1
13.11.2023 06:47:15.553 GMT-0800,212.233,212.08700000000002,0.0009,0.12
13.11.2023 06:47:16.919 GMT-0800,212.233,212.08700000000002,0.09,0.1
13.11.2023 06:47:16.970 GMT-0800,212.38400000000001,212.206,0.12,0.12
13.11.2023 06:47:17.105 GMT-0800,212.38400000000001,212.176,0.12,0.12
13.11.2023 06:47:21.264 GMT-0800,212.383,212.17700000000002,0.12,0.1
13.11.2023 06:47:23.014 GMT-0800,212.38400000000001,212.236,0.12,0.09
13.11.2023 06:47:23.065 GMT-0800,212.383,212.187,0.12,0.12
13.11.2023 06:47:24.325 GMT-0800,212.383,212.14700000000002,0.12,0.12
13.11.2023 06:47:26.071 GMT-0800,212.383,211.997,0.12,0.12
13.11.2023 06:47:27.389 GMT-0800,212.21400000000003,211.99599999999998,0.0009,0.12
13.11.2023 06:47:28.134 GMT-0800,212.204,211.99599999999998,0.0009,0.12
13.11.2023 06:47:28.830 GMT-0800,212.21400000000003,211.99599999999998,0.12,0.12
13.11.2023 06:47:29.521 GMT-0800,212.213,211.997,0.12,0.1
13.11.2023 06:47:29.868 GMT-0800,212.233,212.007,0.12,0.12
13.11.2023 06:47:30.207 GMT-0800,212.234,211.896,0.12,0.12
13.11.2023 06:47:35.575 GMT-0800,212.19400000000002,211.896,0.0009,0.12
13.11.2023 06:47:36.918 GMT-0800,212.174,211.896,0.0009,0.12
13.11.2023 06:47:37.127 GMT-0800,212.19299999999998,211.89700000000002,0.12,0.12
13.11.2023 06:47:37.686 GMT-0800,212.174,211.896,0.0009,0.12
13.11.2023 06:47:37.787 GMT-0800,212.143,211.89700000000002,0.12,0.12
13.11.2023 06:47:37.984 GMT-0800,212.09400000000002,211.896,0.0009,0.12
13.11.2023 06:47:44.972 GMT-0800,212.093,211.89700000000002,0.12,0.1
13.11.2023 06:47:46.199 GMT-0800,212.033,211.92700000000002,0.0009,0.09
13.11.2023 06:47:46.250 GMT-0800,212.03400000000002,211.77599999999998,0.12,0.12
13.11.2023 06:47:47.520 GMT-0800,211.93400000000003,211.77599999999998,0.0009,0.12
13.11.2023 06:47:49.639 GMT-0800,211.923,211.77700000000002,0.0009,0.12
13.11.2023 06:47:49.690 GMT-0800,211.93400000000003,211.77599999999998,0.12,0.12
13.11.2023 06:47:50.868 GMT-0800,211.86400000000003,211.77599999999998,0.0009,0.12
13.11.2023 06:47:50.918 GMT-0800,211.93400000000003,211.736,0.12,0.12
13.11.2023 06:47:51.662 GMT-0800,211.93400000000003,211.736,0.12,0.1
13.11.2023 06:47:56.721 GMT-0800,211.933,211.727,0.12,0.1
13.11.2023 06:47:58.414 GMT-0800,211.93400000000003,211.736,0.12,0.1
13.11.2023 06:47:59.366 GMT-0800,211.933,211.747,0.12,0.12
13.11.2023 06:48:00.369 GMT-0800,211.933,211.73700000000002,0.12,0.12
13.11.2023 06:48:00.642 GMT-0800,211.933,211.76700000000002,0.12,0.12
13.11.2023 06:48:00.772 GMT-0800,211.87400000000002,211.766,0.12,0.12
13.11.2023 06:48:01.097 GMT-0800,211.954,211.87599999999998,0.12,0.12
13.11.2023 06:48:01.236 GMT-0800,211.954,211.886,0.12,0.12
13.11.2023 06:48:01.945 GMT-0800,212.103,211.887,0.12,0.12
13.11.2023 06:48:04.460 GMT-0800,211.96400000000003,211.886,0.0009,0.09
13.11.2023 06:48:04.511 GMT-0800,212.05400000000003,211.796,0.12,0.12
13.11.2023 06:48:04.562 GMT-0800,212.103,211.79700000000003,0.12,0.12
13.11.2023 06:48:04.613 GMT-0800,212.104,211.80599999999998,0.12,0.12
13.11.2023 06:48:05.219 GMT-0800,212.023,211.80700000000002,0.0009,0.12
13.11.2023 06:48:10.569 GMT-0800,212.023,211.80700000000002,0.12,0.1
13.11.2023 06:48:10.620 GMT-0800,212.103,211.83700000000002,0.12,0.12
13.11.2023 06:48:10.745 GMT-0800,212.003,211.857,0.12,0.12
13.11.2023 06:48:28.793 GMT-0800,212.00400000000002,211.86599999999999,0.12,0.12
13.11.2023 06:48:28.894 GMT-0800,212.00400000000002,211.86599999999999,0.09,0.1
13.11.2023 06:48:28.945 GMT-0800,212.19400000000002,211.93599999999998,0.12,0.12
13.11.2023 06:48:29.129 GMT-0800,212.15400000000002,211.93599999999998,0.0009,0.12
13.11.2023 06:48:36.563 GMT-0800,212.033,211.937,0.0009,0.12
13.11.2023 06:48:36.763 GMT-0800,212.023,211.937,0.0009,0.09
13.11.2023 06:48:36.927 GMT-0800,212.023,211.877,0.12,0.12
13.11.2023 06:48:39.446 GMT-0800,212.023,211.79700000000003,0.12,0.12
13.11.2023 06:48:39.891 GMT-0800,212.023,211.79700000000003,0.12,0.1
13.11.2023 06:48:42.287 GMT-0800,212.02400000000003,211.86599999999999,0.12,0.1
13.11.2023 06:48:43.415 GMT-0800,212.023,211.89700000000002,0.09,0.1
13.11.2023 06:48:43.465 GMT-0800,212.19299999999998,211.907,0.12,0.12
13.11.2023 06:48:43.700 GMT-0800,212.153,211.907,0.12,0.12
13.11.2023 06:48:45.403 GMT-0800,212.15400000000002,211.896,0.12,0.12
13.11.2023 06:48:45.769 GMT-0800,212.15400000000002,211.896,0.12,0.1
13.11.2023 06:48:46.218 GMT-0800,212.15400000000002,211.90599999999998,0.12,0.1
13.11.2023 06:48:46.441 GMT-0800,212.15400000000002,211.956,0.12,0.1
13.11.2023 06:48:46.491 GMT-0800,212.24400000000003,212.006,0.12,0.12
13.11.2023 06:48:46.623 GMT-0800,212.24400000000003,212.006,0.09,0.1
13.11.2023 06:48:46.673 GMT-0800,212.264,212.016,0.12,0.12
13.11.2023 06:48:46.724 GMT-0800,212.253,212.01700000000002,0.0009,0.12
13.11.2023 06:48:49.316 GMT-0800,212.253,212.01700000000002,0.12,0.1
13.11.2023 06:48:50.320 GMT-0800,212.174,212.046,0.0009,0.1
13.11.2023 06:48:50.371 GMT-0800,212.174,212.016,0.12,0.12
13.11.2023 06:48:50.435 GMT-0800,212.173,212.01700000000002,0.12,0.1
13.11.2023 06:48:50.687 GMT-0800,212.253,212.04700000000003,0.12,0.12
13.11.2023 06:48:58.217 GMT-0800,212.25400000000002,212.046,0.12,0.1
13.11.2023 06:49:00.324 GMT-0800,212.204,211.956,0.12,0.12
13.11.2023 06:49:00.529 GMT-0800,212.163,211.95700000000002,0.0009,0.12
13.11.2023 06:49:02.819 GMT-0800,212.264,211.956,0.12,0.12
13.11.2023 06:49:03.021 GMT-0800,212.25400000000002,211.956,0.0009,0.12
13.11.2023 06:49:11.160 GMT-0800,212.25400000000002,211.956,0.12,0.1
13.11.2023 06:49:12.343 GMT-0800,212.264,212.05599999999998,0.12,0.12
13.11.2023 06:49:12.907 GMT-0800,212.30400000000003,212.05599999999998,0.12,0.12
13.11.2023 06:49:16.392 GMT-0800,212.303,212.05700000000002,0.09,0.1
13.11.2023 06:49:16.442 GMT-0800,212.30400000000003,212.05599999999998,0.09,0.1
13.11.2023 06:49:16.557 GMT-0800,212.353,212.067,0.12,0.12
13.11.2023 06:49:16.608 GMT-0800,212.353,212.05700000000002,0.12,0.12
13.11.2023 06:49:16.658 GMT-0800,212.353,212.05700000000002,0.12,0.1
13.11.2023 06:49:17.157 GMT-0800,212.353,212.05700000000002,0.12,0.12
13.11.2023 06:49:17.273 GMT-0800,212.354,212.05599999999998,0.12,0.1
13.11.2023 06:49:17.324 GMT-0800,212.354,212.05599999999998,0.12,0.12
13.11.2023 06:49:17.668 GMT-0800,212.354,212.05599999999998,0.12,0.1
13.11.2023 06:49:22.756 GMT-0800,212.354,212.05599999999998,0.12,0.12
13.11.2023 06:49:23.026 GMT-0800,212.353,212.05700000000002,0.12,0.1
13.11.2023 06:49:25.752 GMT-0800,212.353,212.05700000000002,0.12,0.12
13.11.2023 06:49:27.699 GMT-0800,212.354,212.05599999999998,0.12,0.1
13.11.2023 06:49:42.515 GMT-0800,212.353,212.067,0.12,0.1
13.11.2023 06:49:42.566 GMT-0800,212.354,212.066,0.12,0.12
13.11.2023 06:49:42.684 GMT-0800,212.25400000000002,212.066,0.0009,0.12
13.11.2023 06:49:42.794 GMT-0800,212.253,212.067,0.12,0.1
13.11.2023 06:49:43.705 GMT-0800,212.454,212.18599999999998,0.12,0.12
13.11.2023 06:49:43.914 GMT-0800,212.383,212.187,0.0009,0.12
13.11.2023 06:49:46.408 GMT-0800,212.453,212.187,0.12,0.12
13.11.2023 06:49:47.121 GMT-0800,212.453,212.187,0.12,0.1
13.11.2023 06:49:47.535 GMT-0800,212.453,212.187,0.12,0.12
13.11.2023 06:49:50.050 GMT-0800,212.454,212.18599999999998,0.12,0.1
13.11.2023 06:49:52.803 GMT-0800,212.363,212.247,0.0009,0.09
13.11.2023 06:49:52.855 GMT-0800,212.453,212.20700000000002,0.12,0.12
13.11.2023 06:49:53.543 GMT-0800,212.41400000000002,212.206,0.0009,0.12
13.11.2023 06:49:55.077 GMT-0800,212.373,212.20700000000002,0.0009,0.09
13.11.2023 06:49:55.179 GMT-0800,212.37400000000002,212.18599999999998,0.12,0.12
13.11.2023 06:49:55.595 GMT-0800,212.413,212.187,0.12,0.12
13.11.2023 06:50:00.420 GMT-0800,212.454,212.236,0.12,0.12
13.11.2023 06:50:00.526 GMT-0800,212.453,212.327,0.12,0.12
13.11.2023 06:50:01.387 GMT-0800,212.44299999999998,212.287,0.12,0.12
13.11.2023 06:50:01.519 GMT-0800,212.453,212.287,0.12,0.12
13.11.2023 06:50:04.844 GMT-0800,212.453,212.287,0.12,0.1
13.11.2023 06:50:05.149 GMT-0800,212.62400000000002,212.266,0.12,0.12
13.11.2023 06:50:05.206 GMT-0800,212.623,212.26700000000002,0.12,0.1
13.11.2023 06:50:07.039 GMT-0800,212.603,212.327,0.0009,0.12
13.11.2023 06:50:12.733 GMT-0800,212.553,212.327,0.0009,0.12
13.11.2023 06:50:16.263 GMT-0800,212.553,212.327,0.12,0.1
13.11.2023 06:50:16.551 GMT-0800,212.55400000000003,212.326,0.12,0.12
13.11.2023 06:50:21.082 GMT-0800,212.553,212.327,0.12,0.1
13.11.2023 06:50:21.183 GMT-0800,212.55400000000003,212.326,0.12,0.12
13.11.2023 06:50:22.036 GMT-0800,212.55400000000003,212.326,0.12,0.1
13.11.2023 06:50:24.896 GMT-0800,212.55400000000003,212.346,0.09,0.1
13.11.2023 06:50:24.947 GMT-0800,212.604,212.346,0.12,0.12
13.11.2023 06:50:27.205 GMT-0800,212.603,212.347,0.12,0.1
13.11.2023 06:50:30.251 GMT-0800,212.623,212.39700000000002,0.12,0.12
13.11.2023 06:50:31.594 GMT-0800,212.623,212.39700000000002,0.12,0.1
13.11.2023 06:50:37.435 GMT-0800,212.803,212.407,0.12,0.12
13.11.2023 06:50:37.619 GMT-0800,212.80400000000003,212.40599999999998,0.12,0.1
13.11.2023 06:50:46.394 GMT-0800,212.74400000000003,212.486,0.0009,0.12
13.11.2023 06:50:46.546 GMT-0800,212.80400000000003,212.486,0.12,0.12
13.11.2023 06:50:48.877 GMT-0800,212.803,212.48700000000002,0.12,0.1
13.11.2023 06:50:50.713 GMT-0800,212.80400000000003,212.58599999999998,0.12,0.1
13.11.2023 06:50:58.838 GMT-0800,212.803,212.577,0.12,0.12
13.11.2023 06:50:59.277 GMT-0800,212.673,212.577,0.0009,0.12
13.11.2023 06:50:59.619 GMT-0800,212.66400000000002,212.576,0.0009,0.09
13.11.2023 06:50:59.669 GMT-0800,212.674,212.576,0.09,0.09
13.11.2023 06:50:59.721 GMT-0800,212.704,212.49599999999998,0.12,0.12
13.11.2023 06:51:01.030 GMT-0800,212.713,212.497,0.12,0.12
13.11.2023 06:51:01.516 GMT-0800,212.71400000000003,212.43599999999998,0.12,0.12
13.11.2023 06:51:02.425 GMT-0800,212.713,212.437,0.12,0.1
13.11.2023 06:51:06.111 GMT-0800,212.69400000000002,212.486,0.0009,0.12
13.11.2023 06:51:07.260 GMT-0800,212.69400000000002,212.43599999999998,0.12,0.12
13.11.2023 06:51:08.378 GMT-0800,212.61400000000003,212.43599999999998,0.0009,0.1
13.11.2023 06:51:08.429 GMT-0800,212.69299999999998,212.437,0.12,0.1
13.11.2023 06:51:16.082 GMT-0800,212.69299999999998,212.48700000000002,0.12,0.1
13.11.2023 06:51:16.233 GMT-0800,212.69400000000002,212.486,0.12,0.12
13.11.2023 06:51:20.050 GMT-0800,212.69299999999998,212.48700000000002,0.12,0.1
13.11.2023 06:51:20.101 GMT-0800,212.69400000000002,212.486,0.12,0.12
13.11.2023 06:51:20.222 GMT-0800,212.69400000000002,212.486,0.12,0.1
13.11.2023 06:51:20.996 GMT-0800,212.59400000000002,212.52599999999998,0.0009,0.09
13.11.2023 06:51:21.097 GMT-0800,212.593,212.437,0.09,0.12
13.11.2023 06:51:21.148 GMT-0800,212.69299999999998,212.437,0.12,0.12
13.11.2023 06:51:21.441 GMT-0800,212.69299999999998,212.42700000000002,0.12,0.12
13.11.2023 06:51:22.783 GMT-0800,212.69400000000002,212.316,0.12,0.12
13.11.2023 06:51:23.740 GMT-0800,212.653,212.317,0.0009,0.1
13.11.2023 06:51:23.996 GMT-0800,212.593,212.327,0.0009,0.12
13.11.2023 06:51:26.588 GMT-0800,212.493,212.327,0.0009,0.12
13.11.2023 06:51:26.739 GMT-0800,212.593,212.327,0.12,0.12
13.11.2023 06:51:37.142 GMT-0800,212.41400000000002,212.326,0.0009,0.09
13.11.2023 06:51:37.193 GMT-0800,212.41400000000002,212.146,0.12,0.12
13.11.2023 06:51:37.244 GMT-0800,212.413,212.17700000000002,0.12,0.12
13.11.2023 06:51:38.333 GMT-0800,212.413,212.17700000000002,0.12,0.1
13.11.2023 06:51:38.779 GMT-0800,212.454,212.326,0.12,0.12
13.11.2023 06:51:39.131 GMT-0800,212.553,212.327,0.12,0.12
13.11.2023 06:51:41.981 GMT-0800,212.454,212.326,0.0009,0.12
13.11.2023 06:51:42.242 GMT-0800,212.553,212.327,0.12,0.12
13.11.2023 06:51:42.405 GMT-0800,212.454,212.326,0.0009,0.12
13.11.2023 06:51:42.728 GMT-0800,212.55400000000003,212.326,0.12,0.12
13.11.2023 06:51:43.659 GMT-0800,212.44299999999998,212.327,0.0009,0.09
13.11.2023 06:51:43.710 GMT-0800,212.44400000000002,212.176,0.12,0.12
13.11.2023 06:51:43.977 GMT-0800,212.55400000000003,212.176,0.12,0.12
13.11.2023 06:51:44.539 GMT-0800,212.433,212.17700000000002,0.12,0.12
13.11.2023 06:51:45.119 GMT-0800,212.553,212.17700000000002,0.12,0.12
13.11.2023 06:51:47.656 GMT-0800,212.553,212.17700000000002,0.12,0.1
13.11.2023 06:51:47.757 GMT-0800,212.593,212.33700000000002,0.12,0.12
13.11.2023 06:51:52.110 GMT-0800,212.59400000000002,212.33599999999998,0.09,0.1
13.11.2023 06:51:52.161 GMT-0800,212.593,212.33700000000002,0.09,0.09
13.11.2023 06:51:52.262 GMT-0800,212.604,212.43599999999998,0.12,0.12
13.11.2023 06:52:07.371 GMT-0800,212.603,212.30700000000002,0.12,0.12
13.11.2023 06:52:07.901 GMT-0800,212.603,212.30700000000002,0.12,0.1
13.11.2023 06:52:23.607 GMT-0800,212.604,212.36599999999999,0.12,0.12
13.11.2023 06:52:24.098 GMT-0800,212.603,212.36700000000002,0.12,0.1
13.11.2023 06:52:24.149 GMT-0800,212.59400000000002,212.36599999999999,0.0009,0.12
13.11.2023 06:52:24.250 GMT-0800,212.604,212.36599999999999,0.12,0.12
13.11.2023 06:52:32.002 GMT-0800,212.603,212.36700000000002,0.12,0.1
13.11.2023 06:52:34.208 GMT-0800,212.603,212.36700000000002,0.12,0.12
13.11.2023 06:52:34.671 GMT-0800,212.593,212.36700000000002,0.0009,0.1
13.11.2023 06:52:34.722 GMT-0800,212.574,212.36599999999999,0.0009,0.09
13.11.2023 06:52:34.773 GMT-0800,212.573,212.317,0.12,0.12
13.11.2023 06:52:35.192 GMT-0800,212.593,212.317,0.12,0.12
13.11.2023 06:52:35.730 GMT-0800,212.603,212.317,0.12,0.12
13.11.2023 06:52:36.180 GMT-0800,212.603,212.317,0.12,0.1
13.11.2023 06:52:36.602 GMT-0800,212.604,212.456,0.12,0.12
13.11.2023 06:52:36.669 GMT-0800,212.604,212.456,0.12,0.1
13.11.2023 06:52:36.954 GMT-0800,212.593,212.467,0.0009,0.12
13.11.2023 06:52:37.073 GMT-0800,212.52400000000003,212.40599999999998,0.12,0.12
13.11.2023 06:52:37.242 GMT-0800,212.604,212.40599999999998,0.12,0.12
13.11.2023 06:52:49.548 GMT-0800,212.553,212.407,0.0009,0.09
13.11.2023 06:52:49.606 GMT-0800,212.553,212.327,0.12,0.12
13.11.2023 06:52:51.311 GMT-0800,212.533,212.327,0.0009,0.12
13.11.2023 06:52:51.536 GMT-0800,212.503,212.17700000000002,0.12,0.12
13.11.2023 06:52:51.945 GMT-0800,212.503,212.17700000000002,0.12,0.1
13.11.2023 06:52:52.273 GMT-0800,212.503,212.20700000000002,0.12,0.12
13.11.2023 06:52:53.512 GMT-0800,212.44400000000002,212.206,0.0009,0.12
13.11.2023 06:52:55.203 GMT-0800,212.44299999999998,212.20700000000002,0.12,0.1
13.11.2023 06:52:55.767 GMT-0800,212.53400000000002,212.346,0.12,0.12
13.11.2023 06:53:01.141 GMT-0800,212.62400000000002,212.30599999999998,0.12,0.12
13.11.2023 06:53:01.359 GMT-0800,212.62400000000002,212.30599999999998,0.12,0.1
13.11.2023 06:53:06.111 GMT-0800,212.563,212.417,0.0009,0.12
13.11.2023 06:53:06.161 GMT-0800,212.62400000000002,212.416,0.12,0.12
13.11.2023 06:53:07.004 GMT-0800,212.593,212.417,0.0009,0.12
13.11.2023 06:53:07.363 GMT-0800,212.593,212.30700000000002,0.12,0.12
13.11.2023 06:53:07.434 GMT-0800,212.593,212.30700000000002,0.12,0.1
13.11.2023 06:53:07.575 GMT-0800,212.59400000000002,212.356,0.12,0.1
13.11.2023 06:53:09.341 GMT-0800,212.593,212.52700000000002,0.12,0.12
13.11.2023 06:53:09.757 GMT-0800,212.623,212.357,0.12,0.12
13.11.2023 06:53:09.940 GMT-0800,212.62400000000002,212.356,0.12,0.1
13.11.2023 06:53:16.130 GMT-0800,212.69299999999998,212.54700000000003,0.12,0.12
13.11.2023 06:53:16.314 GMT-0800,212.69400000000002,212.536,0.12,0.12
13.11.2023 06:53:16.696 GMT-0800,212.703,212.537,0.12,0.12
13.11.2023 06:53:21.723 GMT-0800,212.713,212.537,0.12,0.12
13.11.2023 06:53:24.480 GMT-0800,212.703,212.537,0.0009,0.12
13.11.2023 06:53:24.723 GMT-0800,212.71400000000003,212.536,0.12,0.12
13.11.2023 06:53:25.109 GMT-0800,212.71400000000003,212.486,0.12,0.12
13.11.2023 06:53:25.216 GMT-0800,212.713,212.48700000000002,0.12,0.1
13.11.2023 06:53:31.592 GMT-0800,212.71400000000003,212.486,0.12,0.12
13.11.2023 06:53:31.795 GMT-0800,212.71400000000003,212.486,0.12,0.1
13.11.2023 06:53:33.293 GMT-0800,212.713,212.48700000000002,0.12,0.12
13.11.2023 06:53:33.815 GMT-0800,212.713,212.48700000000002,0.12,0.1
13.11.2023 06:53:34.071 GMT-0800,212.71400000000003,212.61599999999999,0.09,0.1
13.11.2023 06:53:34.121 GMT-0800,212.71400000000003,212.61599999999999,0.09,0.12
13.11.2023 06:53:34.175 GMT-0800,212.80400000000003,212.61599999999999,0.12,0.12
13.11.2023 06:53:34.379 GMT-0800,212.803,212.48700000000002,0.12,0.12
13.11.2023 06:53:34.442 GMT-0800,212.803,212.48700000000002,0.12,0.1
13.11.2023 06:53:35.260 GMT-0800,212.80400000000003,212.52599999999998,0.12,0.12
13.11.2023 06:53:36.173 GMT-0800,212.803,212.52700000000002,0.12,0.1
13.11.2023 06:53:36.338 GMT-0800,212.803,212.537,0.12,0.1
13.11.2023 06:53:36.714 GMT-0800,212.824,212.726,0.12,0.12
13.11.2023 06:53:37.360 GMT-0800,212.824,212.726,0.09,0.1
13.11.2023 06:53:37.411 GMT-0800,212.96400000000003,212.726,0.12,0.12
13.11.2023 06:53:37.462 GMT-0800,213.014,212.726,0.12,0.12
13.11.2023 06:53:37.512 GMT-0800,213.013,212.727,0.12,0.1
13.11.2023 06:53:38.439 GMT-0800,212.963,212.817,0.0009,0.12
13.11.2023 06:53:38.591 GMT-0800,213.013,212.817,0.12,0.12
13.11.2023 06:53:38.755 GMT-0800,212.963,212.817,0.0009,0.12
13.11.2023 06:53:38.856 GMT-0800,213.014,212.816,0.12,0.12
13.11.2023 06:53:40.067 GMT-0800,212.96400000000003,212.816,0.0009,0.09
13.11.2023 06:53:40.121 GMT-0800,212.963,212.727,0.12,0.12
13.11.2023 06:53:40.229 GMT-0800,213.014,212.726,0.12,0.12
13.11.2023 06:53:40.928 GMT-0800,212.96400000000003,212.726,0.0009,0.12
13.11.2023 06:53:41.729 GMT-0800,212.913,212.727,0.0009,0.12
13.11.2023 06:53:41.780 GMT-0800,212.96400000000003,212.74599999999998,0.12,0.12
13.11.2023 06:53:44.068 GMT-0800,213.013,212.747,0.12,0.12
13.11.2023 06:53:46.515 GMT-0800,212.923,212.747,0.0009,0.12
13.11.2023 06:53:46.652 GMT-0800,212.913,212.747,0.0009,0.12
13.11.2023 06:53:48.696 GMT-0800,212.913,212.727,0.12,0.12
13.11.2023 06:53:50.711 GMT-0800,212.903,212.727,0.0009,0.12
13.11.2023 06:53:50.762 GMT-0800,212.90400000000002,212.486,0.12,0.12
13.11.2023 06:53:50.813 GMT-0800,212.81400000000002,212.486,0.0009,0.12
13.11.2023 06:53:50.914 GMT-0800,212.72299999999998,212.48700000000002,0.12,0.12
13.11.2023 06:53:51.947 GMT-0800,212.824,212.486,0.12,0.12
13.11.2023 06:53:55.356 GMT-0800,212.824,212.486,0.12,0.1
13.11.2023 06:53:59.914 GMT-0800,212.75400000000002,212.566,0.0009,0.09
13.11.2023 06:53:59.964 GMT-0800,212.753,212.357,0.12,0.12
13.11.2023 06:54:00.015 GMT-0800,212.65400000000002,212.356,0.0009,0.12
13.11.2023 06:54:05.402 GMT-0800,212.653,212.227,0.12,0.12
13.11.2023 06:54:05.769 GMT-0800,212.653,212.20700000000002,0.12,0.12
13.11.2023 06:54:06.082 GMT-0800,212.75400000000002,212.206,0.12,0.12
13.11.2023 06:54:11.358 GMT-0800,212.753,212.20700000000002,0.12,0.1
13.11.2023 06:54:11.459 GMT-0800,212.75400000000002,212.206,0.12,0.12
13.11.2023 06:54:12.685 GMT-0800,212.71400000000003,212.206,0.0009,0.12
13.11.2023 06:54:15.812 GMT-0800,212.703,212.20700000000002,0.0009,0.12
13.11.2023 06:54:24.014 GMT-0800,212.66400000000002,212.206,0.0009,0.1
13.11.2023 06:54:24.065 GMT-0800,212.66400000000002,212.27599999999998,0.12,0.12
13.11.2023 06:54:24.116 GMT-0800,212.704,212.27599999999998,0.12,0.12
13.11.2023 06:54:37.838 GMT-0800,212.704,212.27599999999998,0.12,0.1
13.11.2023 06:54:46.557 GMT-0800,212.703,212.327,0.12,0.12
13.11.2023 06:54:46.609 GMT-0800,212.704,212.326,0.12,0.1
13.11.2023 06:54:51.059 GMT-0800,212.704,212.37599999999998,0.12,0.1
13.11.2023 06:54:57.702 GMT-0800,212.803,212.407,0.12,0.12
13.11.2023 06:54:58.087 GMT-0800,212.764,212.40599999999998,0.0009,0.12
13.11.2023 06:54:58.893 GMT-0800,212.763,212.407,0.12,0.1
13.11.2023 06:54:58.944 GMT-0800,212.763,212.48700000000002,0.12,0.12
13.11.2023 06:55:00.080 GMT-0800,212.75400000000002,212.486,0.0009,0.12
13.11.2023 06:55:03.612 GMT-0800,212.66400000000002,212.27599999999998,0.12,0.12
13.11.2023 06:55:03.735 GMT-0800,212.673,212.27700000000002,0.12,0.12
13.11.2023 06:55:04.419 GMT-0800,212.674,212.206,0.12,0.12
13.11.2023 06:55:04.501 GMT-0800,212.673,212.20700000000002,0.12,0.1
13.11.2023 06:55:04.658 GMT-0800,212.573,212.29700000000003,0.0009,0.12
13.11.2023 06:55:06.923 GMT-0800,212.643,212.29700000000003,0.12,0.12
13.11.2023 06:55:06.992 GMT-0800,212.543,212.29700000000003,0.0009,0.12
13.11.2023 06:55:07.890 GMT-0800,212.543,212.23700000000002,0.12,0.12
13.11.2023 06:55:08.745 GMT-0800,212.543,212.23700000000002,0.12,0.1
13.11.2023 06:55:09.067 GMT-0800,212.543,212.23700000000002,0.12,0.12
13.11.2023 06:55:09.118 GMT-0800,212.533,212.23700000000002,0.0009,0.12
13.11.2023 06:55:10.694 GMT-0800,212.53400000000002,212.236,0.09,0.1
13.11.2023 06:55:10.745 GMT-0800,212.644,212.296,0.12,0.12
13.11.2023 06:55:10.796 GMT-0800,212.644,212.27599999999998,0.12,0.12
13.11.2023 06:55:20.580 GMT-0800,212.643,212.27700000000002,0.12,0.1
13.11.2023 06:55:20.769 GMT-0800,212.643,212.27700000000002,0.12,0.12
13.11.2023 06:55:21.663 GMT-0800,212.544,212.27599999999998,0.0009,0.12
13.11.2023 06:55:21.714 GMT-0800,212.643,212.27700000000002,0.12,0.12
13.11.2023 06:55:22.743 GMT-0800,212.644,212.27599999999998,0.12,0.1
13.11.2023 06:55:26.974 GMT-0800,212.833,212.387,0.12,0.12
13.11.2023 06:55:27.025 GMT-0800,212.83400000000003,212.46599999999998,0.12,0.12
13.11.2023 06:55:27.076 GMT-0800,212.83400000000003,212.386,0.12,0.12
13.11.2023 06:55:27.599 GMT-0800,212.833,212.387,0.12,0.1
13.11.2023 06:55:28.986 GMT-0800,212.803,212.417,0.0009,0.12
13.11.2023 06:55:30.088 GMT-0800,212.743,212.417,0.0009,0.12
13.11.2023 06:55:30.862 GMT-0800,212.69400000000002,212.416,0.0009,0.12
13.11.2023 06:55:39.136 GMT-0800,212.734,212.416,0.12,0.12
13.11.2023 06:55:39.838 GMT-0800,212.794,212.416,0.12,0.12
13.11.2023 06:55:40.463 GMT-0800,212.663,212.417,0.12,0.12
13.11.2023 06:55:42.501 GMT-0800,212.793,212.417,0.12,0.12
13.11.2023 06:55:52.698 GMT-0800,212.77400000000003,212.416,0.0009,0.12
13.11.2023 06:55:53.256 GMT-0800,212.77400000000003,212.416,0.12,0.1
13.11.2023 06:55:53.716 GMT-0800,212.713,212.447,0.0009,0.12
13.11.2023 06:55:53.828 GMT-0800,212.66400000000002,212.446,0.0009,0.12
13.11.2023 06:55:54.060 GMT-0800,212.56400000000002,212.446,0.0009,0.12
13.11.2023 06:55:56.449 GMT-0800,212.663,212.447,0.12,0.12
13.11.2023 06:55:58.080 GMT-0800,212.65400000000002,212.446,0.0009,0.12
13.11.2023 06:55:58.602 GMT-0800,212.66400000000002,212.446,0.12,0.12
13.11.2023 06:55:58.691 GMT-0800,212.653,212.447,0.0009,0.12
13.11.2023 06:55:58.742 GMT-0800,212.663,212.447,0.12,0.12
13.11.2023 06:56:06.357 GMT-0800,212.663,212.387,0.12,0.12
13.11.2023 06:56:10.794 GMT-0800,212.663,212.387,0.12,0.1
13.11.2023 06:56:10.844 GMT-0800,212.663,212.387,0.12,0.12
13.11.2023 06:56:11.371 GMT-0800,212.683,212.387,0.12,0.12
13.11.2023 06:56:11.557 GMT-0800,212.72400000000002,212.386,0.12,0.12
13.11.2023 06:56:11.676 GMT-0800,212.803,212.387,0.12,0.12
13.11.2023 06:56:15.415 GMT-0800,212.80400000000003,212.386,0.12,0.1
13.11.2023 06:56:17.808 GMT-0800,212.803,212.417,0.12,0.1
13.11.2023 06:56:19.706 GMT-0800,212.894,212.456,0.12,0.12
13.11.2023 06:56:21.308 GMT-0800,212.873,212.45700000000002,0.0009,0.12
13.11.2023 06:56:27.472 GMT-0800,212.873,212.437,0.12,0.12
13.11.2023 06:56:28.964 GMT-0800,212.733,212.437,0.0009,0.1
13.11.2023 06:56:29.065 GMT-0800,212.873,212.447,0.12,0.12
13.11.2023 06:56:29.116 GMT-0800,212.873,212.437,0.12,0.12
13.11.2023 06:56:29.537 GMT-0800,212.803,212.437,0.0009,0.12
13.11.2023 06:56:32.422 GMT-0800,212.803,212.437,0.12,0.1
13.11.2023 06:56:32.705 GMT-0800,212.803,212.597,0.12,0.1
13.11.2023 06:56:36.852 GMT-0800,212.824,212.62599999999998,0.12,0.12
13.11.2023 06:56:37.646 GMT-0800,212.83400000000003,212.62599999999998,0.12,0.12
13.11.2023 06:56:40.110 GMT-0800,212.833,212.597,0.12,0.12
13.11.2023 06:56:41.089 GMT-0800,212.88400000000001,212.596,0.12,0.12
13.11.2023 06:56:47.431 GMT-0800,212.883,212.48700000000002,0.12,0.12
13.11.2023 06:56:54.652 GMT-0800,212.833,212.48700000000002,0.0009,0.12
13.11.2023 06:56:58.732 GMT-0800,212.84400000000002,212.486,0.12,0.12
13.11.2023 06:56:58.782 GMT-0800,212.84400000000002,212.516,0.12,0.12
13.11.2023 06:56:59.090 GMT-0800,212.84400000000002,212.486,0.12,0.12
13.11.2023 06:56:59.321 GMT-0800,212.84400000000002,212.486,0.12,0.1
13.11.2023 06:56:59.422 GMT-0800,212.75400000000002,212.516,0.12,0.12
13.11.2023 06:56:59.837 GMT-0800,212.843,212.48700000000002,0.12,0.12
13.11.2023 06:57:02.081 GMT-0800,212.824,212.486,0.0009,0.12
13.11.2023 06:57:05.310 GMT-0800,212.733,212.48700000000002,0.0009,0.12
13.11.2023 06:57:05.361 GMT-0800,212.823,212.48700000000002,0.12,0.09
13.11.2023 06:57:07.798 GMT-0800,212.823,212.447,0.12,0.12
13.11.2023 06:57:08.072 GMT-0800,212.823,212.447,0.12,0.1
13.11.2023 06:57:10.675 GMT-0800,212.813,212.48700000000002,0.0009,0.12
13.11.2023 06:57:15.729 GMT-0800,212.824,212.486,0.12,0.12
13.11.2023 06:57:19.512 GMT-0800,212.78400000000002,212.486,0.0009,0.09
13.11.2023 06:57:19.563 GMT-0800,212.783,212.477,0.12,0.12
13.11.2023 06:57:21.508 GMT-0800,212.75400000000002,212.476,0.0009,0.12
13.11.2023 06:57:29.479 GMT-0800,212.753,212.507,0.12,0.12
13.11.2023 06:57:30.639 GMT-0800,212.86400000000003,212.506,0.12,0.12
13.11.2023 06:57:30.740 GMT-0800,212.883,212.507,0.12,0.12
13.11.2023 06:57:31.874 GMT-0800,212.88400000000001,212.506,0.12,0.1
13.11.2023 06:57:31.976 GMT-0800,212.883,212.58700000000002,0.12,0.12
13.11.2023 06:57:35.690 GMT-0800,212.853,212.58700000000002,0.0009,0.12
13.11.2023 06:57:40.705 GMT-0800,212.843,212.58700000000002,0.0009,0.12
13.11.2023 06:57:40.860 GMT-0800,212.83400000000003,212.58599999999998,0.0009,0.12
13.11.2023 06:57:41.311 GMT-0800,212.84400000000002,212.58599999999998,0.12,0.12
13.11.2023 06:57:43.004 GMT-0800,212.843,212.58700000000002,0.12,0.1
13.11.2023 06:57:50.574 GMT-0800,212.843,212.667,0.12,0.1
13.11.2023 06:57:50.625 GMT-0800,212.84400000000002,212.666,0.12,0.12
13.11.2023 06:57:50.732 GMT-0800,212.863,212.667,0.12,0.12
13.11.2023 06:57:55.728 GMT-0800,212.87400000000002,212.666,0.12,0.12
13.11.2023 06:57:59.566 GMT-0800,212.873,212.667,0.12,0.1
13.11.2023 06:58:00.718 GMT-0800,212.893,212.67700000000002,0.12,0.12
13.11.2023 06:58:05.549 GMT-0800,212.894,212.606,0.12,0.12
13.11.2023 06:58:05.797 GMT-0800,212.893,212.607,0.12,0.1
13.11.2023 06:58:07.067 GMT-0800,212.894,212.61599999999999,0.12,0.1
13.11.2023 06:58:09.718 GMT-0800,212.88400000000001,212.726,0.0009,0.12
13.11.2023 06:58:14.126 GMT-0800,212.88400000000001,212.726,0.09,0.1
13.11.2023 06:58:14.176 GMT-0800,212.91400000000002,212.726,0.12,0.12
13.11.2023 06:58:19.062 GMT-0800,212.913,212.727,0.12,0.1
13.11.2023 06:58:20.617 GMT-0800,212.903,212.812,0.0009,0.09
13.11.2023 06:58:20.722 GMT-0800,212.903,212.61700000000002,0.12,0.12
13.11.2023 06:58:21.058 GMT-0800,212.903,212.61700000000002,0.12,0.1
13.11.2023 06:58:21.159 GMT-0800,212.91400000000002,212.666,0.12,0.12
13.11.2023 06:58:26.959 GMT-0800,212.983,212.667,0.12,0.12
13.11.2023 06:58:28.704 GMT-0800,212.97400000000002,212.666,0.0009,0.12
13.11.2023 06:58:29.661 GMT-0800,212.984,212.666,0.12,0.12
13.11.2023 06:58:35.012 GMT-0800,212.99400000000003,212.666,0.12,0.12
13.11.2023 06:58:35.563 GMT-0800,212.993,212.667,0.12,0.1
13.11.2023 06:58:35.808 GMT-0800,212.99400000000003,212.666,0.12,0.12
13.11.2023 06:58:37.862 GMT-0800,212.99400000000003,212.666,0.12,0.1
13.11.2023 06:58:44.997 GMT-0800,212.924,212.786,0.0009,0.12
13.11.2023 06:58:45.587 GMT-0800,212.993,212.787,0.12,0.12
13.11.2023 06:58:55.783 GMT-0800,212.99400000000003,212.786,0.12,0.1
13.11.2023 06:58:57.268 GMT-0800,212.94400000000002,212.816,0.0009,0.12
13.11.2023 06:58:58.312 GMT-0800,212.94299999999998,212.817,0.12,0.1
13.11.2023 06:59:01.030 GMT-0800,213.043,212.827,0.12,0.12
13.11.2023 06:59:10.645 GMT-0800,213.003,212.827,0.0009,0.12
13.11.2023 06:59:11.060 GMT-0800,212.903,212.827,0.0009,0.12
13.11.2023 06:59:12.154 GMT-0800,212.863,212.827,0.0009,0.09
13.11.2023 06:59:12.205 GMT-0800,212.894,212.826,0.0009,0.09
13.11.2023 06:59:12.256 GMT-0800,212.894,212.726,0.12,0.12
13.11.2023 06:59:12.873 GMT-0800,212.90400000000002,212.726,0.12,0.12
13.11.2023 06:59:14.254 GMT-0800,212.893,212.727,0.0009,0.12
13.11.2023 06:59:18.072 GMT-0800,212.894,212.566,0.12,0.12
13.11.2023 06:59:18.580 GMT-0800,212.854,212.566,0.0009,0.12
13.11.2023 06:59:19.641 GMT-0800,212.773,212.567,0.0009,0.09
13.11.2023 06:59:19.691 GMT-0800,212.853,212.55700000000002,0.12,0.12
13.11.2023 06:59:20.567 GMT-0800,212.78400000000002,212.55599999999998,0.0009,0.12
13.11.2023 06:59:20.727 GMT-0800,212.854,212.55599999999998,0.12,0.12
13.11.2023 06:59:22.104 GMT-0800,212.853,212.54700000000003,0.12,0.12
13.11.2023 06:59:22.155 GMT-0800,212.763,212.54700000000003,0.12,0.12
13.11.2023 06:59:22.307 GMT-0800,212.853,212.54700000000003,0.12,0.12
13.11.2023 06:59:22.546 GMT-0800,212.743,212.54700000000003,0.0009,0.12
13.11.2023 06:59:23.086 GMT-0800,212.71400000000003,212.546,0.0009,0.12
13.11.2023 06:59:23.855 GMT-0800,212.673,212.54700000000003,0.0009,0.12
13.11.2023 06:59:24.124 GMT-0800,212.71400000000003,212.356,0.12,0.12
13.11.2023 06:59:24.518 GMT-0800,212.68400000000003,212.356,0.0009,0.12
13.11.2023 06:59:24.620 GMT-0800,212.673,212.357,0.0009,0.12
13.11.2023 06:59:25.167 GMT-0800,212.683,212.317,0.12,0.12
13.11.2023 06:59:25.218 GMT-0800,212.68400000000003,212.346,0.12,0.12
13.11.2023 06:59:25.833 GMT-0800,212.68400000000003,212.27599999999998,0.12,0.12
13.11.2023 06:59:26.081 GMT-0800,212.673,212.27700000000002,0.0009,0.12
13.11.2023 06:59:28.452 GMT-0800,212.674,212.27599999999998,0.12,0.1
13.11.2023 06:59:30.579 GMT-0800,212.673,212.27700000000002,0.12,0.12
13.11.2023 06:59:30.630 GMT-0800,212.673,212.30700000000002,0.12,0.12
13.11.2023 06:59:36.495 GMT-0800,212.673,212.30700000000002,0.09,0.1
13.11.2023 06:59:39.080 GMT-0800,212.683,212.39700000000002,0.12,0.1
13.11.2023 06:59:45.488 GMT-0800,212.653,212.42700000000002,0.0009,0.12
13.11.2023 06:59:53.789 GMT-0800,212.68400000000003,212.426,0.12,0.12
13.11.2023 06:59:58.080 GMT-0800,212.68400000000003,212.426,0.12,0.1
13.11.2023 06:59:58.423 GMT-0800,212.683,212.42700000000002,0.12,0.12
13.11.2023 07:00:00.848 GMT-0800,212.68400000000003,212.386,0.12,0.12
13.11.2023 07:00:01.108 GMT-0800,212.683,212.387,0.12,0.1
13.11.2023 07:00:01.159 GMT-0800,212.68400000000003,212.386,0.12,0.12
13.11.2023 07:00:01.254 GMT-0800,212.673,212.387,0.0009,0.12
13.11.2023 07:00:01.355 GMT-0800,212.68400000000003,212.386,0.12,0.12
13.11.2023 07:00:06.029 GMT-0800,212.68400000000003,212.386,0.12,0.1
13.11.2023 07:00:06.917 GMT-0800,212.65400000000002,212.516,0.0009,0.12
13.11.2023 07:00:09.318 GMT-0800,212.65400000000002,212.516,0.12,0.1
13.11.2023 07:00:10.433 GMT-0800,212.90400000000002,212.65599999999998,0.12,0.12
13.11.2023 07:00:10.749 GMT-0800,212.903,212.657,0.12,0.1
13.11.2023 07:00:10.993 GMT-0800,212.903,212.657,0.12,0.12
13.11.2023 07:00:12.444 GMT-0800,212.903,212.657,0.12,0.1
13.11.2023 07:00:13.535 GMT-0800,212.794,212.68599999999998,0.0009,0.12
13.11.2023 07:00:18.946 GMT-0800,212.78400000000002,212.71599999999998,0.0009,0.12
13.11.2023 07:00:21.182 GMT-0800,212.74400000000003,212.695,0.0009,0.09
13.11.2023 07:00:21.232 GMT-0800,212.783,212.717,0.12,0.09
13.11.2023 07:00:21.425 GMT-0800,212.783,212.597,0.12,0.12
13.11.2023 07:00:22.884 GMT-0800,212.903,212.597,0.12,0.12
13.11.2023 07:00:23.227 GMT-0800,212.86400000000003,212.596,0.0009,0.12
13.11.2023 07:00:23.791 GMT-0800,212.90400000000002,212.596,0.12,0.12
13.11.2023 07:00:23.938 GMT-0800,212.86400000000003,212.596,0.0009,0.12
13.11.2023 07:00:24.248 GMT-0800,212.90400000000002,212.596,0.12,0.12
13.11.2023 07:00:24.423 GMT-0800,212.863,212.597,0.0009,0.12
13.11.2023 07:00:25.690 GMT-0800,212.90400000000002,212.596,0.12,0.12
13.11.2023 07:00:31.039 GMT-0800,212.903,212.597,0.12,0.1
13.11.2023 07:00:31.452 GMT-0800,212.903,212.597,0.12,0.1
13.11.2023 07:00:32.300 GMT-0800,212.823,212.667,0.12,0.12
13.11.2023 07:00:33.292 GMT-0800,212.823,212.667,0.12,0.1
13.11.2023 07:00:33.451 GMT-0800,212.824,212.666,0.12,0.12
13.11.2023 07:00:33.841 GMT-0800,212.81400000000002,212.666,0.0009,0.12
13.11.2023 07:00:33.944 GMT-0800,212.81400000000002,212.536,0.12,0.12
13.11.2023 07:00:33.999 GMT-0800,212.783,212.537,0.0009,0.12
13.11.2023 07:00:34.100 GMT-0800,212.78400000000002,212.536,0.09,0.1
13.11.2023 07:00:34.157 GMT-0800,212.80400000000003,212.646,0.12,0.12
13.11.2023 07:00:34.292 GMT-0800,212.824,212.646,0.12,0.12
13.11.2023 07:00:34.344 GMT-0800,212.813,212.64700000000002,0.0009,0.12
13.11.2023 07:00:34.495 GMT-0800,212.823,212.64700000000002,0.12,0.12
13.11.2023 07:00:35.544 GMT-0800,212.84400000000002,212.646,0.12,0.12
13.11.2023 07:00:38.500 GMT-0800,212.783,212.64700000000002,0.0009,0.12
13.11.2023 07:00:41.122 GMT-0800,212.78400000000002,212.646,0.12,0.1
13.11.2023 07:00:41.182 GMT-0800,212.783,212.64700000000002,0.12,0.12
13.11.2023 07:00:41.233 GMT-0800,212.783,212.64700000000002,0.12,0.1
13.11.2023 07:00:42.528 GMT-0800,212.78400000000002,212.646,0.12,0.12
13.11.2023 07:00:43.288 GMT-0800,212.783,212.64700000000002,0.12,0.1
13.11.2023 07:00:44.341 GMT-0800,212.78400000000002,212.646,0.12,0.12
13.11.2023 07:00:44.882 GMT-0800,212.913,212.64700000000002,0.12,0.12
13.11.2023 07:00:49.192 GMT-0800,212.84400000000002,212.646,0.0009,0.12
13.11.2023 07:00:49.293 GMT-0800,212.743,212.607,0.0009,0.12
13.11.2023 07:00:49.638 GMT-0800,212.733,212.607,0.0009,0.12
13.11.2023 07:00:49.690 GMT-0800,212.74400000000003,212.606,0.09,0.12
13.11.2023 07:00:49.914 GMT-0800,212.843,212.607,0.12,0.12
13.11.2023 07:00:54.832 GMT-0800,212.74400000000003,212.606,0.0009,0.12
13.11.2023 07:00:54.984 GMT-0800,212.84400000000002,212.606,0.12,0.12
13.11.2023 07:00:55.166 GMT-0800,212.843,212.58700000000002,0.12,0.12
13.11.2023 07:00:55.668 GMT-0800,212.743,212.58700000000002,0.0009,0.12
13.11.2023 07:00:55.719 GMT-0800,212.843,212.58700000000002,0.12,0.12
13.11.2023 07:01:00.883 GMT-0800,212.84400000000002,212.58599999999998,0.12,0.1
13.11.2023 07:01:01.127 GMT-0800,212.843,212.61700000000002,0.12,0.1
13.11.2023 07:01:02.647 GMT-0800,212.753,212.627,0.0009,0.12
13.11.2023 07:01:02.749 GMT-0800,212.843,212.627,0.12,0.12
13.11.2023 07:01:11.664 GMT-0800,212.84400000000002,212.62599999999998,0.12,0.1
13.11.2023 07:01:11.765 GMT-0800,212.853,212.697,0.12,0.12
13.11.2023 07:01:11.816 GMT-0800,212.913,212.727,0.12,0.12
13.11.2023 07:01:11.867 GMT-0800,212.913,212.697,0.12,0.12
13.11.2023 07:01:12.106 GMT-0800,212.91400000000002,212.696,0.09,0.1
13.11.2023 07:01:12.157 GMT-0800,213.014,212.766,0.12,0.09
13.11.2023 07:01:12.379 GMT-0800,212.99400000000003,212.696,0.0009,0.12
13.11.2023 07:01:15.672 GMT-0800,212.913,212.697,0.0009,0.12
13.11.2023 07:01:16.701 GMT-0800,212.913,212.697,0.12,0.1
13.11.2023 07:01:17.102 GMT-0800,212.843,212.657,0.12,0.12
13.11.2023 07:01:17.203 GMT-0800,212.903,212.657,0.12,0.12
13.11.2023 07:01:22.397 GMT-0800,212.903,212.657,0.12,0.1
13.11.2023 07:01:24.371 GMT-0800,212.87400000000002,212.71599999999998,0.0009,0.12
13.11.2023 07:01:24.422 GMT-0800,212.90400000000002,212.71599999999998,0.12,0.12
13.11.2023 07:01:26.298 GMT-0800,212.90400000000002,212.71599999999998,0.12,0.1
13.11.2023 07:01:26.348 GMT-0800,212.90400000000002,212.71599999999998,0.12,0.12
13.11.2023 07:01:28.577 GMT-0800,212.903,212.717,0.12,0.1
13.11.2023 07:01:29.109 GMT-0800,212.90400000000002,212.71599999999998,0.12,0.12
13.11.2023 07:01:33.936 GMT-0800,212.90400000000002,212.706,0.12,0.12
13.11.2023 07:01:34.819 GMT-0800,212.854,212.706,0.0009,0.12
13.11.2023 07:01:34.999 GMT-0800,212.90400000000002,212.706,0.12,0.12
13.11.2023 07:01:37.388 GMT-0800,212.903,212.70700000000002,0.12,0.1
13.11.2023 07:01:44.807 GMT-0800,212.913,212.76700000000002,0.12,0.12
13.11.2023 07:01:47.839 GMT-0800,212.913,212.70700000000002,0.12,0.12
13.11.2023 07:01:48.194 GMT-0800,212.913,212.697,0.12,0.12
13.11.2023 07:01:48.522 GMT-0800,212.873,212.697,0.0009,0.12
13.11.2023 07:01:50.665 GMT-0800,212.843,212.697,0.0009,0.12
13.11.2023 07:01:55.690 GMT-0800,212.793,212.697,0.0009,0.12
13.11.2023 07:02:00.205 GMT-0800,212.703,212.687,0.0009,0.09
13.11.2023 07:02:00.256 GMT-0800,212.793,212.697,0.12,0.09
13.11.2023 07:02:00.321 GMT-0800,212.793,212.667,0.12,0.12
13.11.2023 07:02:00.810 GMT-0800,212.873,212.667,0.12,0.12
13.11.2023 07:02:01.974 GMT-0800,212.863,212.667,0.0009,0.12
13.11.2023 07:02:02.794 GMT-0800,212.793,212.667,0.0009,0.12
13.11.2023 07:02:03.858 GMT-0800,212.794,212.636,0.12,0.12
13.11.2023 07:02:04.307 GMT-0800,212.773,212.637,0.0009,0.12
13.11.2023 07:02:04.417 GMT-0800,212.794,212.636,0.12,0.12
13.11.2023 07:02:05.142 GMT-0800,212.77400000000003,212.636,0.0009,0.12
13.11.2023 07:02:05.629 GMT-0800,212.793,212.637,0.12,0.12
13.11.2023 07:02:06.310 GMT-0800,212.863,212.637,0.12,0.12
13.11.2023 07:02:12.168 GMT-0800,212.824,212.636,0.0009,0.09
13.11.2023 07:02:12.270 GMT-0800,212.824,212.566,0.12,0.12
13.11.2023 07:02:12.528 GMT-0800,212.734,212.566,0.0009,0.12
13.11.2023 07:02:12.629 GMT-0800,212.824,212.566,0.12,0.12
13.11.2023 07:02:12.832 GMT-0800,212.733,212.567,0.0009,0.12
13.11.2023 07:02:12.883 GMT-0800,212.823,212.567,0.12,0.12
13.11.2023 07:02:13.000 GMT-0800,212.72299999999998,212.567,0.0009,0.12
13.11.2023 07:02:13.338 GMT-0800,212.824,212.566,0.12,0.12
13.11.2023 07:02:14.005 GMT-0800,212.71400000000003,212.566,0.0009,0.12
13.11.2023 07:02:18.234 GMT-0800,212.71400000000003,212.566,0.12,0.1
13.11.2023 07:02:20.418 GMT-0800,212.81400000000002,212.576,0.12,0.12
13.11.2023 07:02:21.007 GMT-0800,212.813,212.577,0.12,0.1
13.11.2023 07:02:22.488 GMT-0800,212.81400000000002,212.576,0.12,0.12
13.11.2023 07:02:26.621 GMT-0800,212.813,212.577,0.12,0.1
13.11.2023 07:02:28.481 GMT-0800,212.793,212.607,0.0009,0.12
13.11.2023 07:02:30.212 GMT-0800,212.794,212.606,0.12,0.1
13.11.2023 07:02:30.263 GMT-0800,212.813,212.667,0.12,0.12
13.11.2023 07:02:37.515 GMT-0800,212.813,212.667,0.12,0.1
13.11.2023 07:02:37.866 GMT-0800,212.813,212.667,0.12,0.12
13.11.2023 07:02:40.069 GMT-0800,212.793,212.667,0.0009,0.12
13.11.2023 07:02:40.170 GMT-0800,212.81400000000002,212.666,0.12,0.12
13.11.2023 07:02:45.114 GMT-0800,212.813,212.667,0.12,0.1
13.11.2023 07:02:45.177 GMT-0800,212.81400000000002,212.666,0.12,0.12
13.11.2023 07:02:45.346 GMT-0800,212.81400000000002,212.666,0.12,0.1
13.11.2023 07:02:50.428 GMT-0800,212.81400000000002,212.606,0.12,0.12
13.11.2023 07:02:50.645 GMT-0800,212.81400000000002,212.606,0.12,0.1
13.11.2023 07:02:55.481 GMT-0800,212.81400000000002,212.696,0.09,0.1
13.11.2023 07:02:55.884 GMT-0800,212.87400000000002,212.736,0.12,0.12
13.11.2023 07:02:57.655 GMT-0800,212.87400000000002,212.736,0.09,0.1
13.11.2023 07:02:57.706 GMT-0800,212.90400000000002,212.796,0.12,0.12
13.11.2023 07:03:00.010 GMT-0800,212.933,212.79700000000003,0.12,0.12
13.11.2023 07:03:08.376 GMT-0800,212.984,212.796,0.12,0.12
13.11.2023 07:03:10.424 GMT-0800,212.984,212.796,0.12,0.1
13.11.2023 07:03:10.846 GMT-0800,212.983,212.83700000000002,0.12,0.1
13.11.2023 07:03:11.685 GMT-0800,212.984,212.846,0.12,0.1
13.11.2023 07:03:20.679 GMT-0800,212.94400000000002,212.856,0.0009,0.12
13.11.2023 07:03:25.727 GMT-0800,212.984,212.856,0.12,0.12
13.11.2023 07:03:27.011 GMT-0800,212.984,212.856,0.12,0.1
13.11.2023 07:03:27.062 GMT-0800,213.02400000000003,212.87599999999998,0.12,0.12
13.11.2023 07:03:27.319 GMT-0800,213.02400000000003,212.87599999999998,0.12,0.1
13.11.2023 07:03:27.887 GMT-0800,213.023,212.817,0.12,0.12
13.11.2023 07:03:28.105 GMT-0800,213.023,212.817,0.12,0.1
13.11.2023 07:03:30.739 GMT-0800,213.033,212.937,0.12,0.12
13.11.2023 07:03:33.561 GMT-0800,213.033,212.937,0.09,0.1
13.11.2023 07:03:33.749 GMT-0800,213.183,212.997,0.12,0.12
13.11.2023 07:03:33.874 GMT-0800,213.24400000000003,212.99599999999998,0.12,0.12
13.11.2023 07:03:34.080 GMT-0800,213.22400000000002,212.99599999999998,0.0009,0.12
13.11.2023 07:03:38.523 GMT-0800,213.22400000000002,212.99599999999998,0.12,0.1
13.11.2023 07:03:40.180 GMT-0800,213.27400000000003,213.066,0.12,0.12
13.11.2023 07:03:40.664 GMT-0800,213.203,213.067,0.0009,0.12
13.11.2023 07:03:40.769 GMT-0800,213.204,212.956,0.12,0.12
13.11.2023 07:03:41.017 GMT-0800,213.203,212.95700000000002,0.12,0.1
13.11.2023 07:03:45.637 GMT-0800,213.203,213.05700000000002,0.12,0.1
13.11.2023 07:03:46.068 GMT-0800,213.213,213.077,0.12,0.09
13.11.2023 07:03:46.121 GMT-0800,213.21400000000003,213.066,0.12,0.12
13.11.2023 07:03:47.167 GMT-0800,213.21400000000003,213.05599999999998,0.12,0.12
13.11.2023 07:03:50.722 GMT-0800,213.22299999999998,213.05700000000002,0.12,0.12
13.11.2023 07:03:55.512 GMT-0800,213.22400000000002,213.05599999999998,0.12,0.1
13.11.2023 07:03:55.768 GMT-0800,213.234,213.11599999999999,0.12,0.12
13.11.2023 07:04:00.721 GMT-0800,213.25400000000002,213.11599999999999,0.12,0.12
13.11.2023 07:04:01.384 GMT-0800,213.25400000000002,213.11599999999999,0.12,0.1
13.11.2023 07:04:01.681 GMT-0800,213.253,213.11700000000002,0.12,0.12
13.11.2023 07:04:01.731 GMT-0800,213.234,213.11599999999999,0.12,0.12
13.11.2023 07:04:02.040 GMT-0800,213.234,213.11599999999999,0.12,0.1
13.11.2023 07:04:02.818 GMT-0800,213.233,213.11700000000002,0.12,0.12
13.11.2023 07:04:06.758 GMT-0800,213.263,213.11700000000002,0.12,0.12
13.11.2023 07:04:11.081 GMT-0800,213.264,213.11599999999999,0.12,0.1
13.11.2023 07:04:11.797 GMT-0800,213.28400000000002,213.15599999999998,0.12,0.12
13.11.2023 07:04:13.174 GMT-0800,213.283,213.157,0.12,0.1
13.11.2023 07:04:13.225 GMT-0800,213.28400000000002,213.15599999999998,0.12,0.12
13.11.2023 07:04:13.362 GMT-0800,213.28400000000002,213.15599999999998,0.12,0.1
13.11.2023 07:04:13.412 GMT-0800,213.283,213.157,0.12,0.12
13.11.2023 07:04:16.177 GMT-0800,213.27400000000003,213.15599999999998,0.0009,0.12
13.11.2023 07:04:16.676 GMT-0800,213.22400000000002,213.15599999999998,0.0009,0.12
13.11.2023 07:04:18.497 GMT-0800,213.203,213.155,0.0009,0.09
13.11.2023 07:04:18.549 GMT-0800,213.203,213.037,0.12,0.12
13.11.2023 07:04:19.173 GMT-0800,213.203,213.037,0.09,0.1
13.11.2023 07:04:19.224 GMT-0800,213.22400000000002,213.096,0.12,0.12
13.11.2023 07:04:21.734 GMT-0800,213.24400000000003,213.096,0.12,0.12
13.11.2023 07:04:25.753 GMT-0800,213.27400000000003,213.096,0.12,0.12
13.11.2023 07:04:33.468 GMT-0800,213.264,213.096,0.0009,0.12
13.11.2023 07:04:33.518 GMT-0800,213.27400000000003,213.096,0.12,0.12
13.11.2023 07:04:34.326 GMT-0800,213.273,213.097,0.12,0.1
13.11.2023 07:04:35.668 GMT-0800,213.233,213.127,0.0009,0.12
13.11.2023 07:04:38.991 GMT-0800,213.22299999999998,213.127,0.0009,0.09
13.11.2023 07:04:39.042 GMT-0800,213.233,213.127,0.12,0.09
13.11.2023 07:04:39.093 GMT-0800,213.233,213.097,0.12,0.12
13.11.2023 07:04:40.674 GMT-0800,213.204,213.096,0.0009,0.12
13.11.2023 07:04:45.678 GMT-0800,213.19299999999998,213.097,0.0009,0.12
13.11.2023 07:04:47.280 GMT-0800,213.21,213.097,0.09,0.1
13.11.2023 07:04:47.330 GMT-0800,213.393,213.157,0.12,0.12
13.11.2023 07:04:47.509 GMT-0800,213.353,213.157,0.0009,0.12
13.11.2023 07:04:50.198 GMT-0800,213.33400000000003,213.15599999999998,0.0009,0.12
13.11.2023 07:04:53.331 GMT-0800,213.30400000000003,213.15599999999998,0.0009,0.09
13.11.2023 07:04:53.432 GMT-0800,213.30400000000003,213.096,0.12,0.12
13.11.2023 07:04:53.745 GMT-0800,213.30400000000003,213.096,0.12,0.1
13.11.2023 07:04:54.520 GMT-0800,213.33400000000003,213.106,0.12,0.12
13.11.2023 07:04:54.798 GMT-0800,213.313,213.107,0.0009,0.12
13.11.2023 07:04:57.148 GMT-0800,213.313,213.107,0.12,0.1
13.11.2023 07:05:00.375 GMT-0800,213.31400000000002,213.196,0.12,0.1
13.11.2023 07:05:00.426 GMT-0800,213.394,213.266,0.12,0.12
13.11.2023 07:05:02.882 GMT-0800,213.394,213.236,0.12,0.12
13.11.2023 07:05:04.050 GMT-0800,213.28400000000002,213.236,0.0009,0.09
13.11.2023 07:05:04.152 GMT-0800,213.27400000000003,213.196,0.12,0.09
13.11.2023 07:05:04.849 GMT-0800,213.27400000000003,213.096,0.09,0.12
13.11.2023 07:05:04.906 GMT-0800,213.283,213.097,0.12,0.12
13.11.2023 07:05:05.147 GMT-0800,213.273,213.097,0.0009,0.12
13.11.2023 07:05:05.197 GMT-0800,213.283,213.097,0.12,0.12
13.11.2023 07:05:05.569 GMT-0800,213.30400000000003,213.096,0.12,0.12
13.11.2023 07:05:10.870 GMT-0800,213.22299999999998,213.097,0.0009,0.12
13.11.2023 07:05:10.921 GMT-0800,213.303,213.097,0.12,0.12
13.11.2023 07:05:13.590 GMT-0800,213.243,213.097,0.0009,0.12
13.11.2023 07:05:14.232 GMT-0800,213.243,213.097,0.12,0.1
13.11.2023 07:05:15.407 GMT-0800,213.24400000000003,213.096,0.12,0.12
13.11.2023 07:05:17.370 GMT-0800,213.234,213.096,0.0009,0.12
13.11.2023 07:05:21.613 GMT-0800,213.253,213.097,0.12,0.12
13.11.2023 07:05:21.786 GMT-0800,213.253,213.097,0.12,0.1
13.11.2023 07:05:26.151 GMT-0800,213.303,213.127,0.12,0.12
13.11.2023 07:05:30.085 GMT-0800,213.22299999999998,213.127,0.0009,0.12
13.11.2023 07:05:30.136 GMT-0800,213.30400000000003,213.12599999999998,0.12,0.12
13.11.2023 07:05:37.348 GMT-0800,213.30400000000003,213.12599999999998,0.12,0.1
13.11.2023 07:05:43.709 GMT-0800,213.303,213.197,0.12,0.09
13.11.2023 07:05:43.760 GMT-0800,213.30400000000003,213.15599999999998,0.12,0.12
13.11.2023 07:05:46.732 GMT-0800,213.263,213.157,0.0009,0.12
13.11.2023 07:05:46.908 GMT-0800,213.30400000000003,213.15599999999998,0.12,0.12
13.11.2023 07:05:47.359 GMT-0800,213.264,213.15599999999998,0.0009,0.12
13.11.2023 07:05:47.519 GMT-0800,213.303,213.157,0.12,0.12
13.11.2023 07:05:48.797 GMT-0800,213.263,213.157,0.0009,0.12
13.11.2023 07:05:49.129 GMT-0800,213.30400000000003,213.15599999999998,0.12,0.12
13.11.2023 07:05:52.359 GMT-0800,213.243,213.157,0.0009,0.12
13.11.2023 07:05:57.734 GMT-0800,213.243,213.157,0.12,0.1
13.11.2023 07:06:01.154 GMT-0800,213.333,213.167,0.12,0.12
13.11.2023 07:06:01.624 GMT-0800,213.324,213.166,0.0009,0.12
13.11.2023 07:06:03.467 GMT-0800,213.324,213.21599999999998,0.12,0.12
13.11.2023 07:06:03.760 GMT-0800,213.33400000000003,213.21599999999998,0.12,0.12
13.11.2023 07:06:05.733 GMT-0800,213.323,213.217,0.0009,0.12
13.11.2023 07:06:06.265 GMT-0800,213.264,213.21599999999998,0.0009,0.09
13.11.2023 07:06:06.316 GMT-0800,213.264,213.106,0.09,0.12
13.11.2023 07:06:06.367 GMT-0800,213.293,213.107,0.12,0.1
13.11.2023 07:06:07.288 GMT-0800,213.31400000000002,213.106,0.12,0.12
13.11.2023 07:06:07.339 GMT-0800,213.294,213.106,0.12,0.1
13.11.2023 07:06:07.441 GMT-0800,213.293,213.107,0.12,0.12
13.11.2023 07:06:07.542 GMT-0800,213.31400000000002,213.106,0.12,0.12
13.11.2023 07:06:07.670 GMT-0800,213.31400000000002,213.106,0.12,0.1
13.11.2023 07:06:07.804 GMT-0800,213.293,213.127,0.12,0.12
13.11.2023 07:06:08.347 GMT-0800,213.313,213.127,0.12,0.12
13.11.2023 07:06:08.810 GMT-0800,213.33400000000003,213.12599999999998,0.12,0.12
13.11.2023 07:06:08.861 GMT-0800,213.294,213.12599999999998,0.12,0.12
13.11.2023 07:06:09.558 GMT-0800,213.33400000000003,213.12599999999998,0.12,0.12
13.11.2023 07:06:11.710 GMT-0800,213.324,213.12599999999998,0.0009,0.12
13.11.2023 07:06:11.811 GMT-0800,213.22299999999998,213.127,0.12,0.12
13.11.2023 07:06:11.978 GMT-0800,213.21400000000003,213.106,0.12,0.12
13.11.2023 07:06:12.031 GMT-0800,213.324,213.106,0.12,0.12
13.11.2023 07:06:14.985 GMT-0800,213.333,213.107,0.12,0.12
13.11.2023 07:06:15.087 GMT-0800,213.324,213.106,0.0009,0.12
13.11.2023 07:06:16.773 GMT-0800,213.303,213.107,0.0009,0.12
13.11.2023 07:06:22.763 GMT-0800,213.233,213.107,0.0009,0.12
13.11.2023 07:06:23.761 GMT-0800,213.234,213.106,0.12,0.1
13.11.2023 07:06:23.863 GMT-0800,213.233,213.107,0.12,0.12
13.11.2023 07:06:24.130 GMT-0800,213.234,213.106,0.12,0.1
13.11.2023 07:06:24.378 GMT-0800,213.234,213.106,0.12,0.12
13.11.2023 07:06:26.682 GMT-0800,213.233,213.107,0.12,0.1
13.11.2023 07:06:26.863 GMT-0800,213.234,213.106,0.12,0.12
13.11.2023 07:06:27.111 GMT-0800,213.234,213.05599999999998,0.12,0.12
13.11.2023 07:06:27.304 GMT-0800,213.173,213.05700000000002,0.0009,0.12
13.11.2023 07:06:28.765 GMT-0800,213.213,213.05700000000002,0.12,0.12
13.11.2023 07:06:36.696 GMT-0800,213.21400000000003,213.036,0.12,0.12
13.11.2023 07:06:37.947 GMT-0800,213.21400000000003,213.036,0.12,0.1
13.11.2023 07:06:53.138 GMT-0800,213.21400000000003,213.036,0.12,0.12
13.11.2023 07:06:53.318 GMT-0800,213.21400000000003,213.036,0.12,0.1
13.11.2023 07:06:58.312 GMT-0800,213.213,213.11700000000002,0.09,0.1
13.11.2023 07:06:58.525 GMT-0800,213.324,213.15599999999998,0.12,0.12
13.11.2023 07:06:59.365 GMT-0800,213.323,213.157,0.12,0.1
13.11.2023 07:07:04.432 GMT-0800,213.324,213.18599999999998,0.12,0.1
13.11.2023 07:07:04.533 GMT-0800,213.324,213.18599999999998,0.12,0.12
13.11.2023 07:07:07.805 GMT-0800,213.324,213.136,0.12,0.12
13.11.2023 07:07:12.146 GMT-0800,213.273,213.137,0.0009,0.12
13.11.2023 07:07:12.311 GMT-0800,213.323,213.137,0.12,0.12
13.11.2023 07:07:19.077 GMT-0800,213.30400000000003,213.136,0.0009,0.12
13.11.2023 07:07:19.561 GMT-0800,213.294,213.146,0.0009,0.12
13.11.2023 07:07:19.735 GMT-0800,213.294,213.146,0.12,0.1
13.11.2023 07:07:21.194 GMT-0800,213.293,213.157,0.12,0.1
13.11.2023 07:07:21.295 GMT-0800,213.324,213.166,0.12,0.12
13.11.2023 07:07:21.535 GMT-0800,213.323,213.137,0.12,0.12
13.11.2023 07:07:22.062 GMT-0800,213.25400000000002,213.136,0.0009,0.12
13.11.2023 07:07:22.113 GMT-0800,213.27400000000003,213.136,0.0009,0.09
13.11.2023 07:07:22.164 GMT-0800,213.273,213.037,0.12,0.12
13.11.2023 07:07:22.272 GMT-0800,213.324,213.036,0.12,0.12
13.11.2023 07:07:22.323 GMT-0800,213.30400000000003,213.036,0.0009,0.1
13.11.2023 07:07:24.263 GMT-0800,213.213,213.157,0.0009,0.09
13.11.2023 07:07:24.316 GMT-0800,213.21400000000003,213.12599999999998,0.12,0.12
13.11.2023 07:07:24.427 GMT-0800,213.27400000000003,213.12599999999998,0.12,0.12
13.11.2023 07:07:24.736 GMT-0800,213.303,213.127,0.12,0.12
13.11.2023 07:07:25.161 GMT-0800,213.264,213.12599999999998,0.0009,0.12
13.11.2023 07:07:25.755 GMT-0800,213.174,213.12599999999998,0.0009,0.12
13.11.2023 07:07:25.859 GMT-0800,213.173,213.037,0.12,0.12
13.11.2023 07:07:26.433 GMT-0800,213.163,213.037,0.0009,0.12
13.11.2023 07:07:27.119 GMT-0800,213.173,212.98700000000002,0.12,0.12
13.11.2023 07:07:27.170 GMT-0800,213.143,212.98700000000002,0.0009,0.1
13.11.2023 07:07:27.221 GMT-0800,213.174,213.006,0.12,0.12
13.11.2023 07:07:27.271 GMT-0800,213.144,213.006,0.0009,0.12
13.11.2023 07:07:27.442 GMT-0800,213.133,213.007,0.0009,0.12
13.11.2023 07:07:29.004 GMT-0800,213.144,213.006,0.12,0.12
13.11.2023 07:07:29.055 GMT-0800,213.13400000000001,213.006,0.0009,0.12
13.11.2023 07:07:29.685 GMT-0800,213.144,213.006,0.12,0.12
13.11.2023 07:07:29.735 GMT-0800,213.13400000000001,213.006,0.0009,0.12
13.11.2023 07:07:32.144 GMT-0800,213.144,213.006,0.12,0.12
13.11.2023 07:07:34.058 GMT-0800,213.13400000000001,213.006,0.0009,0.12
13.11.2023 07:07:34.109 GMT-0800,213.144,213.006,0.12,0.12
13.11.2023 07:07:35.308 GMT-0800,213.123,213.007,0.12,0.12
13.11.2023 07:07:35.634 GMT-0800,213.144,213.006,0.12,0.12
13.11.2023 07:07:36.151 GMT-0800,213.12400000000002,213.006,0.0009,0.12
13.11.2023 07:07:36.422 GMT-0800,213.073,213.007,0.0009,0.09
13.11.2023 07:07:36.473 GMT-0800,213.073,212.86700000000002,0.12,0.12
13.11.2023 07:07:36.537 GMT-0800,213.073,212.86700000000002,0.12,0.1
13.11.2023 07:07:37.149 GMT-0800,213.074,212.86599999999999,0.12,0.12
13.11.2023 07:07:37.562 GMT-0800,213.073,212.86700000000002,0.12,0.1
13.11.2023 07:07:44.709 GMT-0800,213.143,212.947,0.12,0.12
13.11.2023 07:07:48.782 GMT-0800,213.123,212.947,0.0009,0.12
13.11.2023 07:07:52.710 GMT-0800,213.123,212.86700000000002,0.12,0.12
13.11.2023 07:07:52.889 GMT-0800,213.12400000000002,212.86599999999999,0.12,0.1
13.11.2023 07:07:54.908 GMT-0800,213.06400000000002,212.956,0.0009,0.12
13.11.2023 07:07:55.011 GMT-0800,213.12400000000002,212.956,0.12,0.12
13.11.2023 07:07:56.886 GMT-0800,213.144,212.956,0.12,0.12
13.11.2023 07:08:00.172 GMT-0800,213.06400000000002,212.956,0.0009,0.12
13.11.2023 07:08:00.223 GMT-0800,213.144,212.956,0.12,0.12
13.11.2023 07:08:00.885 GMT-0800,213.144,212.86599999999999,0.12,0.12
13.11.2023 07:08:01.113 GMT-0800,213.143,212.86700000000002,0.12,0.1
13.11.2023 07:08:01.350 GMT-0800,213.05400000000003,212.946,0.0009,0.12
13.11.2023 07:08:01.451 GMT-0800,213.103,212.907,0.12,0.12
13.11.2023 07:08:01.502 GMT-0800,213.043,212.907,0.0009,0.12
13.11.2023 07:08:01.844 GMT-0800,213.103,212.907,0.12,0.12
13.11.2023 07:08:02.083 GMT-0800,213.044,212.90599999999998,0.0009,0.12
13.11.2023 07:08:02.270 GMT-0800,213.103,212.907,0.12,0.12
13.11.2023 07:08:02.325 GMT-0800,213.043,212.907,0.0009,0.12
13.11.2023 07:08:02.376 GMT-0800,213.103,212.907,0.12,0.12
13.11.2023 07:08:02.689 GMT-0800,213.043,212.907,0.0009,0.12
13.11.2023 07:08:02.872 GMT-0800,213.103,212.907,0.12,0.12
13.11.2023 07:08:02.953 GMT-0800,213.083,212.907,0.0009,0.12
13.11.2023 07:08:03.188 GMT-0800,213.043,212.907,0.0009,0.12
13.11.2023 07:08:08.509 GMT-0800,213.044,212.77599999999998,0.12,0.12
13.11.2023 07:08:08.560 GMT-0800,213.043,212.77700000000002,0.12,0.1
13.11.2023 07:08:08.664 GMT-0800,213.014,212.896,0.12,0.12
13.11.2023 07:08:08.899 GMT-0800,213.044,212.896,0.12,0.12
13.11.2023 07:08:10.612 GMT-0800,213.00400000000002,212.896,0.12,0.12
13.11.2023 07:08:12.516 GMT-0800,213.003,212.89700000000002,0.09,0.1
13.11.2023 07:08:12.711 GMT-0800,213.063,212.95700000000002,0.12,0.12
13.11.2023 07:08:15.149 GMT-0800,213.11400000000003,212.956,0.12,0.12
13.11.2023 07:08:16.601 GMT-0800,213.11400000000003,212.956,0.12,0.1
13.11.2023 07:08:17.637 GMT-0800,213.113,212.95700000000002,0.12,0.12
13.11.2023 07:08:19.939 GMT-0800,213.033,212.95700000000002,0.0009,0.09
13.11.2023 07:08:19.989 GMT-0800,213.113,212.95700000000002,0.12,0.09
13.11.2023 07:08:20.172 GMT-0800,213.11400000000003,212.83599999999998,0.12,0.12
13.11.2023 07:08:20.438 GMT-0800,213.113,212.83700000000002,0.12,0.1
13.11.2023 07:08:20.703 GMT-0800,213.083,212.83700000000002,0.0009,0.1
13.11.2023 07:08:24.282 GMT-0800,213.05400000000003,212.93599999999998,0.0009,0.12
13.11.2023 07:08:24.450 GMT-0800,213.083,212.937,0.12,0.12
13.11.2023 07:08:32.670 GMT-0800,213.083,212.937,0.09,0.1
13.11.2023 07:08:32.721 GMT-0800,213.143,213.007,0.12,0.12
13.11.2023 07:08:33.381 GMT-0800,213.143,213.007,0.12,0.1
13.11.2023 07:08:35.551 GMT-0800,213.16400000000002,213.016,0.12,0.12
13.11.2023 07:08:36.292 GMT-0800,213.173,213.01700000000002,0.12,0.12
13.11.2023 07:08:44.615 GMT-0800,213.15400000000002,213.016,0.0009,0.12
13.11.2023 07:08:44.666 GMT-0800,213.174,213.016,0.12,0.12
13.11.2023 07:08:49.594 GMT-0800,213.174,213.016,0.12,0.1
13.11.2023 07:08:49.695 GMT-0800,213.173,213.007,0.12,0.12
13.11.2023 07:08:50.908 GMT-0800,213.173,213.007,0.12,0.1
13.11.2023 07:08:52.103 GMT-0800,213.174,213.066,0.12,0.1
13.11.2023 07:08:54.059 GMT-0800,213.174,213.066,0.12,0.12
13.11.2023 07:08:55.292 GMT-0800,213.173,212.997,0.12,0.12
13.11.2023 07:08:57.081 GMT-0800,213.13400000000001,212.99599999999998,0.0009,0.12
13.11.2023 07:09:10.387 GMT-0800,213.13400000000001,212.916,0.12,0.12
13.11.2023 07:09:11.574 GMT-0800,213.153,212.917,0.12,0.12
13.11.2023 07:09:12.880 GMT-0800,213.08400000000003,212.916,0.0009,0.12
13.11.2023 07:09:13.558 GMT-0800,213.06400000000002,212.916,0.0009,0.12
13.11.2023 07:09:25.848 GMT-0800,213.063,212.83700000000002,0.12,0.12
13.11.2023 07:09:26.147 GMT-0800,213.063,212.83700000000002,0.12,0.1
