Local time,Ask,Bid,AskVolume,BidVolume
13.11.2023 06:30:02.325 GMT-0800,53.38100000000001,53.229,0.0132,0.009
13.11.2023 06:30:02.574 GMT-0800,53.38100000000001,53.259,0.009,0.009
13.11.2023 06:30:43.832 GMT-0800,53.371,53.288999999999994,0.0009,0.0009
13.11.2023 06:30:43.883 GMT-0800,53.362,53.168000000000006,0.0132,0.0132
13.11.2023 06:30:47.413 GMT-0800,53.362,53.218,0.009,0.0009
13.11.2023 06:30:47.515 GMT-0800,53.372,53.238,0.0132,0.0132
13.11.2023 06:30:47.566 GMT-0800,53.372,53.218,0.0132,0.0132
13.11.2023 06:30:47.617 GMT-0800,53.391000000000005,53.239,0.0132,0.0132
13.11.2023 06:30:47.846 GMT-0800,53.401,53.259,0.009,0.0132
13.11.2023 06:30:47.897 GMT-0800,53.432,53.258,0.0132,0.0132
13.11.2023 06:30:48.400 GMT-0800,53.432,53.298,0.0132,0.0009
13.11.2023 06:30:48.556 GMT-0800,53.432,53.308,0.0132,0.0009
13.11.2023 06:30:48.972 GMT-0800,53.431000000000004,53.318999999999996,0.0132,0.0009
13.11.2023 06:30:50.225 GMT-0800,53.431000000000004,53.329,0.0132,0.0009
13.11.2023 06:30:51.279 GMT-0800,53.432,53.318000000000005,0.0132,0.0132
13.11.2023 06:30:52.221 GMT-0800,53.411,53.318999999999996,0.0009,0.009
13.11.2023 06:30:52.272 GMT-0800,53.391999999999996,53.278000000000006,0.0132,0.0132
13.11.2023 06:30:52.322 GMT-0800,53.331,53.288999999999994,0.0009,0.009
13.11.2023 06:30:52.373 GMT-0800,53.371,53.259,0.0132,0.0132
13.11.2023 06:30:52.424 GMT-0800,53.352,53.258,0.0132,0.0132
13.11.2023 06:30:52.545 GMT-0800,53.342,53.258,0.0132,0.0132
13.11.2023 06:30:52.646 GMT-0800,53.302,53.258,0.0132,0.0132
13.11.2023 06:30:52.822 GMT-0800,53.302,53.248000000000005,0.0132,0.0132
13.11.2023 06:30:52.987 GMT-0800,53.302,53.238,0.0132,0.0132
13.11.2023 06:30:56.071 GMT-0800,53.301,53.259,0.0132,0.0132
13.11.2023 06:30:56.122 GMT-0800,53.302,53.238,0.0132,0.0132
13.11.2023 06:30:57.433 GMT-0800,53.301,53.248999999999995,0.0132,0.0009
13.11.2023 06:30:57.708 GMT-0800,53.302,53.278000000000006,0.009,0.0009
13.11.2023 06:30:57.759 GMT-0800,53.321000000000005,53.278999999999996,0.0132,0.0132
13.11.2023 06:30:58.090 GMT-0800,53.322,53.258,0.0132,0.0132
13.11.2023 06:30:59.295 GMT-0800,53.321000000000005,53.248999999999995,0.0132,0.0132
13.11.2023 06:30:59.746 GMT-0800,53.302,53.248000000000005,0.0009,0.0132
13.11.2023 06:30:59.882 GMT-0800,53.322,53.258,0.0132,0.0009
13.11.2023 06:31:00.119 GMT-0800,53.322,53.278000000000006,0.0132,0.0009
13.11.2023 06:31:00.236 GMT-0800,53.34100000000001,53.278999999999996,0.0132,0.0132
13.11.2023 06:31:00.927 GMT-0800,53.372,53.308,0.0132,0.0009
13.11.2023 06:31:01.067 GMT-0800,53.372,53.298,0.0132,0.0009
13.11.2023 06:31:01.123 GMT-0800,53.371,53.278999999999996,0.0132,0.0132
13.11.2023 06:31:01.402 GMT-0800,53.371,53.309,0.0132,0.0009
13.11.2023 06:31:01.568 GMT-0800,53.372,53.298,0.0132,0.0132
13.11.2023 06:31:01.631 GMT-0800,53.371,53.309,0.0132,0.0009
13.11.2023 06:31:01.783 GMT-0800,53.372,53.298,0.0132,0.0132
13.11.2023 06:31:02.136 GMT-0800,53.352,53.298,0.0132,0.0132
13.11.2023 06:31:02.237 GMT-0800,53.371,53.309,0.0132,0.0132
13.11.2023 06:31:02.389 GMT-0800,53.371,53.318999999999996,0.0132,0.0009
13.11.2023 06:31:02.491 GMT-0800,53.352,53.308,0.0009,0.0132
13.11.2023 06:31:02.730 GMT-0800,53.332,53.298,0.0132,0.0132
13.11.2023 06:31:02.780 GMT-0800,53.342,53.298,0.0132,0.0132
13.11.2023 06:31:03.236 GMT-0800,53.331,53.299,0.0009,0.009
13.11.2023 06:31:03.287 GMT-0800,53.332,53.278000000000006,0.0132,0.0132
13.11.2023 06:31:03.648 GMT-0800,53.371,53.278999999999996,0.0132,0.0132
13.11.2023 06:31:07.928 GMT-0800,53.342,53.298,0.0009,0.0009
13.11.2023 06:31:07.978 GMT-0800,53.342,53.288000000000004,0.0009,0.0009
13.11.2023 06:31:08.034 GMT-0800,53.321000000000005,53.288999999999994,0.0009,0.0009
13.11.2023 06:31:08.085 GMT-0800,53.322,53.278000000000006,0.0132,0.0132
13.11.2023 06:31:08.152 GMT-0800,53.312,53.278000000000006,0.0009,0.0132
13.11.2023 06:31:08.287 GMT-0800,53.312,53.288000000000004,0.009,0.0009
13.11.2023 06:31:08.338 GMT-0800,53.321000000000005,53.288999999999994,0.0132,0.009
13.11.2023 06:31:08.389 GMT-0800,53.322,53.278000000000006,0.0132,0.0132
13.11.2023 06:31:09.243 GMT-0800,53.31100000000001,53.278999999999996,0.0009,0.0132
13.11.2023 06:31:09.477 GMT-0800,53.302,53.278000000000006,0.0009,0.0132
13.11.2023 06:31:09.985 GMT-0800,53.302,53.258,0.0132,0.0132
13.11.2023 06:31:10.129 GMT-0800,53.291000000000004,53.259,0.0009,0.0132
13.11.2023 06:31:10.231 GMT-0800,53.302,53.258,0.0132,0.0132
13.11.2023 06:31:11.560 GMT-0800,53.301,53.278999999999996,0.009,0.0009
13.11.2023 06:31:11.611 GMT-0800,53.34100000000001,53.278999999999996,0.0132,0.0132
13.11.2023 06:31:12.869 GMT-0800,53.371,53.278999999999996,0.0132,0.0132
13.11.2023 06:31:14.207 GMT-0800,53.34100000000001,53.278999999999996,0.0009,0.0132
13.11.2023 06:31:14.460 GMT-0800,53.331,53.278999999999996,0.0132,0.0132
13.11.2023 06:31:14.568 GMT-0800,53.372,53.318000000000005,0.0132,0.0132
13.11.2023 06:31:15.385 GMT-0800,53.371,53.299,0.0132,0.0132
13.11.2023 06:31:15.486 GMT-0800,53.371,53.36,0.009,0.0009
13.11.2023 06:31:15.537 GMT-0800,53.401,53.369,0.0132,0.0132
13.11.2023 06:31:15.615 GMT-0800,53.402,53.388000000000005,0.009,0.0009
13.11.2023 06:31:15.666 GMT-0800,53.431000000000004,53.388999999999996,0.0132,0.0132
13.11.2023 06:31:15.911 GMT-0800,53.412,53.368,0.0132,0.009
13.11.2023 06:31:15.962 GMT-0800,53.411,53.349,0.0132,0.0132
13.11.2023 06:31:17.484 GMT-0800,53.411,53.369,0.0132,0.0009
13.11.2023 06:31:17.534 GMT-0800,53.411,53.349,0.0132,0.0132
13.11.2023 06:31:17.905 GMT-0800,53.411,53.369,0.009,0.0009
13.11.2023 06:31:18.009 GMT-0800,53.412,53.388000000000005,0.009,0.0009
13.11.2023 06:31:18.060 GMT-0800,53.431000000000004,53.388999999999996,0.0132,0.0132
13.11.2023 06:31:18.262 GMT-0800,53.432,53.348000000000006,0.0132,0.0132
13.11.2023 06:31:18.314 GMT-0800,53.45100000000001,53.349,0.0132,0.0132
13.11.2023 06:31:18.365 GMT-0800,53.461999999999996,53.368,0.0132,0.0132
13.11.2023 06:31:18.466 GMT-0800,53.452,53.368,0.0009,0.0132
13.11.2023 06:31:18.674 GMT-0800,53.432,53.368,0.0132,0.0132
13.11.2023 06:31:18.725 GMT-0800,53.452,53.368,0.0132,0.0132
13.11.2023 06:31:18.862 GMT-0800,53.471000000000004,53.369,0.0132,0.0132
13.11.2023 06:31:18.913 GMT-0800,53.45100000000001,53.388999999999996,0.0009,0.0132
13.11.2023 06:31:19.413 GMT-0800,53.472,53.388000000000005,0.0132,0.0132
13.11.2023 06:31:19.464 GMT-0800,53.482,53.388000000000005,0.0132,0.0132
13.11.2023 06:31:19.515 GMT-0800,53.471000000000004,53.388999999999996,0.0132,0.0132
13.11.2023 06:31:19.717 GMT-0800,53.45100000000001,53.388999999999996,0.0009,0.0132
13.11.2023 06:31:19.870 GMT-0800,53.492,53.388000000000005,0.0132,0.0132
13.11.2023 06:31:19.921 GMT-0800,53.472,53.388000000000005,0.0132,0.0132
13.11.2023 06:31:20.178 GMT-0800,53.471000000000004,53.409,0.0132,0.0009
13.11.2023 06:31:20.229 GMT-0800,53.472,53.388000000000005,0.0132,0.0132
13.11.2023 06:31:20.279 GMT-0800,53.471000000000004,53.399,0.0132,0.0132
13.11.2023 06:31:20.380 GMT-0800,53.471000000000004,53.409,0.0132,0.0132
13.11.2023 06:31:20.547 GMT-0800,53.49100000000001,53.409,0.0132,0.0132
13.11.2023 06:31:20.669 GMT-0800,53.492,53.388000000000005,0.0132,0.0132
13.11.2023 06:31:20.821 GMT-0800,53.49100000000001,53.409,0.0132,0.0132
13.11.2023 06:31:21.203 GMT-0800,53.471000000000004,53.388999999999996,0.0132,0.0132
13.11.2023 06:31:21.623 GMT-0800,53.471000000000004,53.369,0.0132,0.0132
13.11.2023 06:31:23.115 GMT-0800,53.471000000000004,53.409,0.0132,0.0009
13.11.2023 06:31:23.560 GMT-0800,53.471000000000004,53.388999999999996,0.0132,0.0132
13.11.2023 06:31:24.611 GMT-0800,53.471000000000004,53.399,0.0132,0.0009
13.11.2023 06:31:25.001 GMT-0800,53.471000000000004,53.409,0.0132,0.0132
13.11.2023 06:31:25.102 GMT-0800,53.49100000000001,53.428999999999995,0.0132,0.0132
13.11.2023 06:31:25.808 GMT-0800,53.49100000000001,53.409,0.0132,0.0132
13.11.2023 06:31:26.008 GMT-0800,53.492,53.428000000000004,0.0132,0.0009
13.11.2023 06:31:26.213 GMT-0800,53.492,53.408,0.0132,0.0132
13.11.2023 06:31:26.321 GMT-0800,53.472,53.408,0.0132,0.0132
13.11.2023 06:31:26.446 GMT-0800,53.442,53.388000000000005,0.009,0.0132
13.11.2023 06:31:26.496 GMT-0800,53.472,53.398,0.0132,0.0132
13.11.2023 06:31:26.547 GMT-0800,53.472,53.408,0.0132,0.0009
13.11.2023 06:31:26.745 GMT-0800,53.472,53.418000000000006,0.0132,0.009
13.11.2023 06:31:26.796 GMT-0800,53.471000000000004,53.409,0.0132,0.0132
13.11.2023 06:31:27.110 GMT-0800,53.472,53.418000000000006,0.0132,0.0009
13.11.2023 06:31:27.302 GMT-0800,53.472,53.428000000000004,0.0132,0.0009
13.11.2023 06:31:27.689 GMT-0800,53.471000000000004,53.419,0.0132,0.0132
13.11.2023 06:31:27.899 GMT-0800,53.472,53.408,0.0132,0.0132
13.11.2023 06:31:27.950 GMT-0800,53.471000000000004,53.419,0.0132,0.0009
13.11.2023 06:31:28.365 GMT-0800,53.49100000000001,53.428999999999995,0.0132,0.0009
13.11.2023 06:31:28.416 GMT-0800,53.49100000000001,53.419,0.0132,0.0132
13.11.2023 06:31:28.467 GMT-0800,53.492,53.438,0.0132,0.0009
13.11.2023 06:31:28.704 GMT-0800,53.492,53.418000000000006,0.0132,0.0132
13.11.2023 06:31:28.763 GMT-0800,53.492,53.428000000000004,0.0132,0.0009
13.11.2023 06:31:29.254 GMT-0800,53.492,53.408,0.0132,0.0132
13.11.2023 06:31:29.444 GMT-0800,53.492,53.428000000000004,0.0132,0.0009
13.11.2023 06:31:29.802 GMT-0800,53.492,53.438,0.0132,0.0009
13.11.2023 06:31:30.109 GMT-0800,53.492,53.448,0.0132,0.0009
13.11.2023 06:31:30.160 GMT-0800,53.49100000000001,53.439,0.0132,0.0132
13.11.2023 06:31:30.279 GMT-0800,53.49100000000001,53.428999999999995,0.0132,0.0132
13.11.2023 06:31:30.883 GMT-0800,53.492,53.438,0.0132,0.0009
13.11.2023 06:31:31.044 GMT-0800,53.492,53.428000000000004,0.0132,0.0132
13.11.2023 06:31:31.172 GMT-0800,53.461999999999996,53.428000000000004,0.0009,0.009
13.11.2023 06:31:31.223 GMT-0800,53.461000000000006,53.388999999999996,0.0132,0.0132
13.11.2023 06:31:31.568 GMT-0800,53.431000000000004,53.388999999999996,0.0009,0.0132
13.11.2023 06:31:31.622 GMT-0800,53.42100000000001,53.369,0.0132,0.0132
13.11.2023 06:31:31.989 GMT-0800,53.401,53.369,0.0009,0.0132
13.11.2023 06:31:32.090 GMT-0800,53.401,53.358999999999995,0.0132,0.0132
13.11.2023 06:31:32.141 GMT-0800,53.401,53.369,0.0132,0.0132
13.11.2023 06:31:32.359 GMT-0800,53.402,53.358000000000004,0.0132,0.0132
13.11.2023 06:31:32.645 GMT-0800,53.391000000000005,53.358999999999995,0.0009,0.0132
13.11.2023 06:31:33.378 GMT-0800,53.382,53.358000000000004,0.0009,0.0132
13.11.2023 06:31:33.428 GMT-0800,53.391999999999996,53.358000000000004,0.0132,0.0132
13.11.2023 06:31:33.479 GMT-0800,53.402,53.358000000000004,0.0132,0.0132
13.11.2023 06:31:33.621 GMT-0800,53.391000000000005,53.358999999999995,0.0009,0.0132
13.11.2023 06:31:33.778 GMT-0800,53.402,53.358000000000004,0.0132,0.0132
13.11.2023 06:31:34.480 GMT-0800,53.401,53.369,0.0132,0.0009
13.11.2023 06:31:34.532 GMT-0800,53.402,53.358000000000004,0.0132,0.0132
13.11.2023 06:31:34.633 GMT-0800,53.402,53.368,0.0132,0.0132
13.11.2023 06:31:34.835 GMT-0800,53.391999999999996,53.358000000000004,0.0132,0.0132
13.11.2023 06:31:36.420 GMT-0800,53.38100000000001,53.358999999999995,0.0009,0.0132
13.11.2023 06:31:36.522 GMT-0800,53.391000000000005,53.358999999999995,0.0132,0.0132
13.11.2023 06:31:36.573 GMT-0800,53.38100000000001,53.358999999999995,0.0009,0.0132
13.11.2023 06:31:36.878 GMT-0800,53.391999999999996,53.358000000000004,0.0132,0.0132
13.11.2023 06:31:37.076 GMT-0800,53.391999999999996,53.368,0.009,0.0009
13.11.2023 06:31:37.127 GMT-0800,53.412,53.368,0.0132,0.0132
13.11.2023 06:31:37.178 GMT-0800,53.402,53.368,0.0132,0.0132
13.11.2023 06:31:39.626 GMT-0800,53.401,53.379,0.009,0.0009
13.11.2023 06:31:39.677 GMT-0800,53.442,53.388000000000005,0.0132,0.0132
13.11.2023 06:31:41.343 GMT-0800,53.42100000000001,53.369,0.0132,0.0132
13.11.2023 06:31:41.487 GMT-0800,53.401,53.369,0.0132,0.0009
13.11.2023 06:31:41.645 GMT-0800,53.402,53.358000000000004,0.0132,0.0132
13.11.2023 06:31:41.697 GMT-0800,53.401,53.369,0.0132,0.0009
13.11.2023 06:31:42.448 GMT-0800,53.412,53.368,0.0132,0.0132
13.11.2023 06:31:42.498 GMT-0800,53.401,53.369,0.0009,0.0132
13.11.2023 06:31:43.641 GMT-0800,53.401,53.358999999999995,0.0132,0.0132
13.11.2023 06:31:43.725 GMT-0800,53.401,53.369,0.0132,0.0009
13.11.2023 06:31:43.880 GMT-0800,53.402,53.358000000000004,0.0132,0.0132
13.11.2023 06:31:44.888 GMT-0800,53.401,53.369,0.0132,0.0009
13.11.2023 06:31:44.938 GMT-0800,53.401,53.358999999999995,0.0132,0.0132
13.11.2023 06:31:45.075 GMT-0800,53.402,53.368,0.0132,0.0009
13.11.2023 06:31:45.226 GMT-0800,53.402,53.358000000000004,0.0132,0.0132
13.11.2023 06:31:45.277 GMT-0800,53.411,53.369,0.0132,0.0132
13.11.2023 06:31:45.418 GMT-0800,53.402,53.368,0.0132,0.0132
13.11.2023 06:31:46.290 GMT-0800,53.422,53.368,0.0132,0.0132
13.11.2023 06:31:46.475 GMT-0800,53.422,53.358000000000004,0.0132,0.0132
13.11.2023 06:31:46.534 GMT-0800,53.42100000000001,53.369,0.0132,0.0009
13.11.2023 06:31:47.154 GMT-0800,53.412,53.368,0.0009,0.009
13.11.2023 06:31:47.256 GMT-0800,53.401,53.369,0.0132,0.0132
13.11.2023 06:31:47.651 GMT-0800,53.42100000000001,53.369,0.0132,0.0132
13.11.2023 06:31:47.745 GMT-0800,53.402,53.368,0.0009,0.0132
13.11.2023 06:31:47.847 GMT-0800,53.42100000000001,53.369,0.0132,0.0132
13.11.2023 06:31:48.990 GMT-0800,53.402,53.368,0.0009,0.009
13.11.2023 06:31:52.352 GMT-0800,53.38100000000001,53.358999999999995,0.0132,0.0132
13.11.2023 06:31:53.503 GMT-0800,53.402,53.368,0.0132,0.0132
13.11.2023 06:31:53.554 GMT-0800,53.401,53.358999999999995,0.0132,0.0132
13.11.2023 06:31:53.638 GMT-0800,53.402,53.378,0.0132,0.0009
13.11.2023 06:31:53.689 GMT-0800,53.402,53.368,0.0132,0.0132
13.11.2023 06:31:54.165 GMT-0800,53.402,53.358000000000004,0.0132,0.0132
13.11.2023 06:31:54.216 GMT-0800,53.402,53.368,0.0132,0.0009
13.11.2023 06:31:54.267 GMT-0800,53.401,53.358999999999995,0.0132,0.0132
13.11.2023 06:31:54.337 GMT-0800,53.401,53.369,0.0132,0.0009
13.11.2023 06:31:54.387 GMT-0800,53.402,53.358000000000004,0.0132,0.0132
13.11.2023 06:31:54.726 GMT-0800,53.401,53.369,0.0132,0.0009
13.11.2023 06:31:54.777 GMT-0800,53.401,53.358999999999995,0.0132,0.0132
13.11.2023 06:31:54.840 GMT-0800,53.402,53.368,0.0132,0.0009
13.11.2023 06:31:55.750 GMT-0800,53.402,53.378,0.0132,0.0009
13.11.2023 06:31:55.800 GMT-0800,53.402,53.368,0.0132,0.0132
13.11.2023 06:31:55.851 GMT-0800,53.401,53.379,0.0132,0.009
13.11.2023 06:31:55.902 GMT-0800,53.402,53.368,0.0132,0.0132
13.11.2023 06:31:56.058 GMT-0800,53.402,53.358000000000004,0.0132,0.0132
13.11.2023 06:31:57.435 GMT-0800,53.401,53.369,0.0132,0.0009
13.11.2023 06:31:57.769 GMT-0800,53.402,53.358000000000004,0.0132,0.0132
13.11.2023 06:31:57.883 GMT-0800,53.402,53.368,0.0132,0.0009
13.11.2023 06:31:58.189 GMT-0800,53.401,53.358999999999995,0.0132,0.0132
13.11.2023 06:31:58.522 GMT-0800,53.402,53.368,0.0132,0.0009
13.11.2023 06:31:58.631 GMT-0800,53.401,53.358999999999995,0.0132,0.0132
13.11.2023 06:31:58.696 GMT-0800,53.401,53.369,0.0132,0.0009
13.11.2023 06:31:59.234 GMT-0800,53.401,53.358999999999995,0.0132,0.0132
13.11.2023 06:31:59.305 GMT-0800,53.402,53.368,0.0132,0.0009
13.11.2023 06:32:00.983 GMT-0800,53.401,53.358999999999995,0.0132,0.0132
13.11.2023 06:32:01.047 GMT-0800,53.402,53.368,0.0132,0.0009
13.11.2023 06:32:01.148 GMT-0800,53.391000000000005,53.358999999999995,0.0132,0.0132
13.11.2023 06:32:01.993 GMT-0800,53.361000000000004,53.329,0.0132,0.0132
13.11.2023 06:32:02.168 GMT-0800,53.361000000000004,53.349,0.009,0.0009
13.11.2023 06:32:02.218 GMT-0800,53.401,53.349,0.0132,0.0132
13.11.2023 06:32:02.471 GMT-0800,53.402,53.338,0.0132,0.0132
13.11.2023 06:32:03.981 GMT-0800,53.362,53.338,0.0009,0.009
13.11.2023 06:32:04.032 GMT-0800,53.362,53.328,0.0132,0.0132
13.11.2023 06:32:04.250 GMT-0800,53.361000000000004,53.339,0.009,0.0009
13.11.2023 06:32:04.301 GMT-0800,53.422,53.378,0.0132,0.0132
13.11.2023 06:32:04.423 GMT-0800,53.391999999999996,53.378,0.0009,0.009
13.11.2023 06:32:04.474 GMT-0800,53.422,53.338,0.0132,0.0132
13.11.2023 06:32:05.139 GMT-0800,53.422,53.378,0.0132,0.0009
13.11.2023 06:32:05.189 GMT-0800,53.422,53.368,0.0132,0.0132
13.11.2023 06:32:05.290 GMT-0800,53.42100000000001,53.358999999999995,0.0132,0.0132
13.11.2023 06:32:05.408 GMT-0800,53.391999999999996,53.358000000000004,0.0009,0.009
13.11.2023 06:32:05.559 GMT-0800,53.391999999999996,53.338,0.0132,0.0132
13.11.2023 06:32:05.687 GMT-0800,53.42100000000001,53.339,0.0132,0.0132
13.11.2023 06:32:05.844 GMT-0800,53.42100000000001,53.329,0.0132,0.0132
13.11.2023 06:32:05.897 GMT-0800,53.422,53.338,0.0132,0.0009
13.11.2023 06:32:05.950 GMT-0800,53.422,53.328,0.0132,0.0132
13.11.2023 06:32:06.703 GMT-0800,53.42100000000001,53.339,0.0132,0.0009
13.11.2023 06:32:07.462 GMT-0800,53.42100000000001,53.329,0.0132,0.0132
13.11.2023 06:32:09.793 GMT-0800,53.362,53.328,0.0009,0.0132
13.11.2023 06:32:09.844 GMT-0800,53.391000000000005,53.329,0.0132,0.0132
13.11.2023 06:32:09.963 GMT-0800,53.372,53.328,0.0009,0.009
13.11.2023 06:32:10.034 GMT-0800,53.371,53.318999999999996,0.0132,0.0132
13.11.2023 06:32:10.881 GMT-0800,53.372,53.328,0.0132,0.0009
13.11.2023 06:32:11.522 GMT-0800,53.372,53.338,0.0132,0.0009
13.11.2023 06:32:11.572 GMT-0800,53.372,53.328,0.0132,0.0132
13.11.2023 06:32:11.674 GMT-0800,53.372,53.318000000000005,0.0132,0.0132
13.11.2023 06:32:14.680 GMT-0800,53.371,53.329,0.0132,0.0132
13.11.2023 06:32:15.007 GMT-0800,53.372,53.298,0.0132,0.0132
13.11.2023 06:32:15.058 GMT-0800,53.371,53.309,0.0132,0.0132
13.11.2023 06:32:16.061 GMT-0800,53.371,53.318999999999996,0.0132,0.009
13.11.2023 06:32:16.112 GMT-0800,53.361000000000004,53.299,0.0009,0.0132
13.11.2023 06:32:16.321 GMT-0800,53.352,53.298,0.0009,0.0132
13.11.2023 06:32:17.867 GMT-0800,53.332,53.298,0.0009,0.0132
13.11.2023 06:32:17.918 GMT-0800,53.332,53.278000000000006,0.0132,0.0132
13.11.2023 06:32:18.620 GMT-0800,53.322,53.278000000000006,0.0132,0.0132
13.11.2023 06:32:18.671 GMT-0800,53.331,53.278999999999996,0.0132,0.0132
13.11.2023 06:32:18.721 GMT-0800,53.321000000000005,53.278999999999996,0.0132,0.0132
13.11.2023 06:32:18.841 GMT-0800,53.331,53.278999999999996,0.0132,0.0132
13.11.2023 06:32:18.962 GMT-0800,53.342,53.278000000000006,0.0132,0.0132
13.11.2023 06:32:19.196 GMT-0800,53.34100000000001,53.318999999999996,0.0132,0.0009
13.11.2023 06:32:19.246 GMT-0800,53.372,53.298,0.0132,0.0132
13.11.2023 06:32:19.657 GMT-0800,53.391000000000005,53.299,0.0132,0.0132
13.11.2023 06:32:20.085 GMT-0800,53.391999999999996,53.318000000000005,0.0132,0.0132
13.11.2023 06:32:20.195 GMT-0800,53.372,53.318000000000005,0.0132,0.0132
13.11.2023 06:32:20.672 GMT-0800,53.391999999999996,53.318000000000005,0.0132,0.009
13.11.2023 06:32:20.723 GMT-0800,53.391999999999996,53.298,0.0132,0.0132
13.11.2023 06:32:20.779 GMT-0800,53.391999999999996,53.328,0.0132,0.0009
13.11.2023 06:32:20.830 GMT-0800,53.391000000000005,53.318999999999996,0.0132,0.0132
13.11.2023 06:32:20.931 GMT-0800,53.391999999999996,53.338,0.0132,0.0009
13.11.2023 06:32:21.109 GMT-0800,53.391999999999996,53.358000000000004,0.009,0.0009
13.11.2023 06:32:21.160 GMT-0800,53.42100000000001,53.349,0.0132,0.0132
13.11.2023 06:32:21.764 GMT-0800,53.422,53.358000000000004,0.0132,0.0132
13.11.2023 06:32:23.360 GMT-0800,53.401,53.349,0.0132,0.009
13.11.2023 06:32:23.411 GMT-0800,53.401,53.339,0.0132,0.0132
13.11.2023 06:32:23.902 GMT-0800,53.422,53.338,0.0132,0.0132
13.11.2023 06:32:24.184 GMT-0800,53.38100000000001,53.318999999999996,0.0009,0.0132
13.11.2023 06:32:24.285 GMT-0800,53.352,53.298,0.009,0.0132
13.11.2023 06:32:24.694 GMT-0800,53.362,53.298,0.0132,0.0132
13.11.2023 06:32:24.795 GMT-0800,53.352,53.298,0.0009,0.0132
13.11.2023 06:32:28.087 GMT-0800,53.361000000000004,53.299,0.0132,0.0132
13.11.2023 06:32:28.546 GMT-0800,53.362,53.338,0.009,0.0009
13.11.2023 06:32:28.597 GMT-0800,53.371,53.318999999999996,0.0132,0.0132
13.11.2023 06:32:29.335 GMT-0800,53.38100000000001,53.318999999999996,0.0009,0.0132
13.11.2023 06:32:29.436 GMT-0800,53.38100000000001,53.339,0.009,0.0009
13.11.2023 06:32:29.487 GMT-0800,53.391000000000005,53.339,0.0132,0.0132
13.11.2023 06:32:29.588 GMT-0800,53.391000000000005,53.358999999999995,0.0132,0.009
13.11.2023 06:32:29.639 GMT-0800,53.391999999999996,53.338,0.0132,0.0132
13.11.2023 06:32:30.658 GMT-0800,53.382,53.338,0.0009,0.0132
13.11.2023 06:32:30.778 GMT-0800,53.391000000000005,53.358999999999995,0.0132,0.0009
13.11.2023 06:32:30.829 GMT-0800,53.391999999999996,53.338,0.0132,0.0132
13.11.2023 06:32:31.409 GMT-0800,53.382,53.318000000000005,0.0132,0.0132
13.11.2023 06:32:31.510 GMT-0800,53.372,53.318000000000005,0.0132,0.0132
13.11.2023 06:32:31.611 GMT-0800,53.38100000000001,53.318999999999996,0.0132,0.0132
13.11.2023 06:32:31.763 GMT-0800,53.372,53.318000000000005,0.0132,0.0132
13.11.2023 06:32:32.188 GMT-0800,53.382,53.318000000000005,0.0132,0.0132
13.11.2023 06:32:33.411 GMT-0800,53.372,53.318000000000005,0.0009,0.0132
13.11.2023 06:32:33.513 GMT-0800,53.38100000000001,53.318999999999996,0.0132,0.0132
13.11.2023 06:32:33.566 GMT-0800,53.372,53.318000000000005,0.0009,0.0132
13.11.2023 06:32:33.617 GMT-0800,53.38100000000001,53.318999999999996,0.0132,0.0132
13.11.2023 06:32:34.165 GMT-0800,53.372,53.318000000000005,0.0009,0.0132
13.11.2023 06:32:34.580 GMT-0800,53.362,53.318000000000005,0.0009,0.009
13.11.2023 06:32:34.632 GMT-0800,53.362,53.298,0.0132,0.0132
13.11.2023 06:32:35.035 GMT-0800,53.371,53.299,0.0132,0.0132
13.11.2023 06:32:35.137 GMT-0800,53.361000000000004,53.299,0.0132,0.0132
13.11.2023 06:32:35.550 GMT-0800,53.372,53.298,0.0132,0.0132
13.11.2023 06:32:35.903 GMT-0800,53.362,53.298,0.0132,0.0132
13.11.2023 06:32:36.727 GMT-0800,53.362,53.318000000000005,0.009,0.0009
13.11.2023 06:32:36.778 GMT-0800,53.361000000000004,53.299,0.0132,0.0132
13.11.2023 06:32:38.368 GMT-0800,53.362,53.338,0.0132,0.0009
13.11.2023 06:32:38.419 GMT-0800,53.362,53.328,0.0132,0.0132
13.11.2023 06:32:38.470 GMT-0800,53.372,53.328,0.0132,0.0132
13.11.2023 06:32:38.521 GMT-0800,53.362,53.328,0.0132,0.0132
13.11.2023 06:32:38.571 GMT-0800,53.371,53.329,0.0132,0.0132
13.11.2023 06:32:38.622 GMT-0800,53.361000000000004,53.329,0.0132,0.0132
13.11.2023 06:32:38.723 GMT-0800,53.361000000000004,53.318999999999996,0.0132,0.0132
13.11.2023 06:32:39.443 GMT-0800,53.382,53.318000000000005,0.0132,0.0132
13.11.2023 06:32:39.678 GMT-0800,53.372,53.318000000000005,0.0009,0.0132
13.11.2023 06:32:40.039 GMT-0800,53.382,53.318000000000005,0.0132,0.0132
13.11.2023 06:32:40.090 GMT-0800,53.372,53.318000000000005,0.0009,0.0132
13.11.2023 06:32:40.191 GMT-0800,53.382,53.318000000000005,0.0132,0.0132
13.11.2023 06:32:40.242 GMT-0800,53.371,53.318999999999996,0.0009,0.0132
13.11.2023 06:32:40.343 GMT-0800,53.361000000000004,53.318999999999996,0.0009,0.0132
13.11.2023 06:32:40.394 GMT-0800,53.38100000000001,53.318999999999996,0.0132,0.0132
13.11.2023 06:32:40.524 GMT-0800,53.371,53.318999999999996,0.0009,0.0132
13.11.2023 06:32:40.907 GMT-0800,53.351000000000006,53.318999999999996,0.0132,0.0132
13.11.2023 06:32:41.009 GMT-0800,53.34100000000001,53.299,0.0132,0.0132
13.11.2023 06:32:41.282 GMT-0800,53.352,53.298,0.0132,0.0132
13.11.2023 06:32:41.484 GMT-0800,53.34100000000001,53.299,0.0009,0.0132
13.11.2023 06:32:41.926 GMT-0800,53.34100000000001,53.309,0.0132,0.0009
13.11.2023 06:32:41.977 GMT-0800,53.351000000000006,53.299,0.0132,0.0132
13.11.2023 06:32:42.110 GMT-0800,53.34100000000001,53.299,0.0009,0.0132
13.11.2023 06:32:42.428 GMT-0800,53.351000000000006,53.299,0.0132,0.0132
13.11.2023 06:32:42.479 GMT-0800,53.361000000000004,53.318999999999996,0.0132,0.0132
13.11.2023 06:32:43.229 GMT-0800,53.38100000000001,53.318999999999996,0.0132,0.0132
13.11.2023 06:32:43.280 GMT-0800,53.38100000000001,53.329,0.0132,0.0132
13.11.2023 06:32:43.381 GMT-0800,53.391999999999996,53.338,0.0132,0.0132
13.11.2023 06:32:44.230 GMT-0800,53.391000000000005,53.358999999999995,0.0132,0.0009
13.11.2023 06:32:44.438 GMT-0800,53.38100000000001,53.358999999999995,0.0009,0.009
13.11.2023 06:32:44.490 GMT-0800,53.382,53.338,0.0132,0.0132
13.11.2023 06:32:45.604 GMT-0800,53.391999999999996,53.338,0.0132,0.0132
13.11.2023 06:32:45.923 GMT-0800,53.402,53.338,0.0132,0.0132
13.11.2023 06:32:46.783 GMT-0800,53.391000000000005,53.339,0.0009,0.0132
13.11.2023 06:32:46.834 GMT-0800,53.401,53.339,0.0132,0.0132
13.11.2023 06:32:46.935 GMT-0800,53.391999999999996,53.338,0.0132,0.0132
13.11.2023 06:32:47.102 GMT-0800,53.401,53.339,0.0132,0.0132
13.11.2023 06:32:47.240 GMT-0800,53.391999999999996,53.338,0.0009,0.0132
13.11.2023 06:32:47.670 GMT-0800,53.402,53.338,0.0132,0.0132
13.11.2023 06:32:48.779 GMT-0800,53.402,53.348000000000006,0.0132,0.0009
13.11.2023 06:32:48.830 GMT-0800,53.422,53.358000000000004,0.0132,0.0132
13.11.2023 06:32:48.881 GMT-0800,53.401,53.358999999999995,0.0009,0.0132
13.11.2023 06:32:49.361 GMT-0800,53.402,53.338,0.0132,0.0132
13.11.2023 06:32:49.810 GMT-0800,53.391000000000005,53.339,0.0009,0.0132
13.11.2023 06:32:49.860 GMT-0800,53.402,53.338,0.0132,0.0132
13.11.2023 06:32:50.025 GMT-0800,53.391999999999996,53.338,0.0009,0.0132
13.11.2023 06:32:50.177 GMT-0800,53.422,53.358000000000004,0.0132,0.0009
13.11.2023 06:32:50.279 GMT-0800,53.402,53.358000000000004,0.0132,0.0132
13.11.2023 06:32:50.380 GMT-0800,53.402,53.338,0.0132,0.0132
13.11.2023 06:32:50.571 GMT-0800,53.422,53.358000000000004,0.0132,0.0132
13.11.2023 06:32:50.876 GMT-0800,53.411,53.369,0.0132,0.0132
13.11.2023 06:32:51.197 GMT-0800,53.42100000000001,53.369,0.0132,0.0132
13.11.2023 06:32:51.522 GMT-0800,53.422,53.358000000000004,0.0132,0.0132
13.11.2023 06:32:52.158 GMT-0800,53.422,53.378,0.0132,0.0009
13.11.2023 06:32:52.345 GMT-0800,53.42100000000001,53.358999999999995,0.0132,0.0132
13.11.2023 06:32:52.406 GMT-0800,53.401,53.358999999999995,0.0009,0.0132
13.11.2023 06:32:52.456 GMT-0800,53.422,53.358000000000004,0.0132,0.0132
13.11.2023 06:32:52.507 GMT-0800,53.422,53.378,0.0132,0.009
13.11.2023 06:32:52.558 GMT-0800,53.42100000000001,53.358999999999995,0.0132,0.0132
13.11.2023 06:32:54.183 GMT-0800,53.402,53.358000000000004,0.0132,0.0132
13.11.2023 06:32:54.284 GMT-0800,53.402,53.338,0.0132,0.0132
13.11.2023 06:32:55.572 GMT-0800,53.422,53.378,0.0009,0.0132
13.11.2023 06:32:56.122 GMT-0800,53.42100000000001,53.358999999999995,0.0132,0.0132
13.11.2023 06:32:56.192 GMT-0800,53.422,53.378,0.0132,0.0009
13.11.2023 06:32:56.686 GMT-0800,53.42100000000001,53.369,0.0132,0.0132
13.11.2023 06:32:56.758 GMT-0800,53.42100000000001,53.379,0.0132,0.0009
13.11.2023 06:32:58.402 GMT-0800,53.42100000000001,53.399,0.009,0.0009
13.11.2023 06:32:58.453 GMT-0800,53.431000000000004,53.399,0.0132,0.0132
13.11.2023 06:32:59.110 GMT-0800,53.441,53.399,0.0132,0.0132
13.11.2023 06:32:59.862 GMT-0800,53.432,53.398,0.0009,0.0132
13.11.2023 06:32:59.913 GMT-0800,53.441,53.399,0.0132,0.0132
13.11.2023 06:33:00.070 GMT-0800,53.411,53.358999999999995,0.0132,0.0132
13.11.2023 06:33:00.297 GMT-0800,53.391000000000005,53.358999999999995,0.0009,0.009
13.11.2023 06:33:00.348 GMT-0800,53.391999999999996,53.338,0.0132,0.0132
13.11.2023 06:33:00.503 GMT-0800,53.411,53.339,0.0132,0.0132
13.11.2023 06:33:00.554 GMT-0800,53.412,53.358000000000004,0.0132,0.0132
13.11.2023 06:33:01.369 GMT-0800,53.391000000000005,53.358999999999995,0.0009,0.009
13.11.2023 06:33:01.420 GMT-0800,53.391999999999996,53.338,0.0132,0.0132
13.11.2023 06:33:01.610 GMT-0800,53.362,53.338,0.0009,0.0132
13.11.2023 06:33:01.661 GMT-0800,53.372,53.338,0.0009,0.009
13.11.2023 06:33:01.808 GMT-0800,53.371,53.318999999999996,0.0132,0.009
13.11.2023 06:33:01.859 GMT-0800,53.371,53.299,0.0132,0.0132
13.11.2023 06:33:01.923 GMT-0800,53.362,53.298,0.0009,0.0132
13.11.2023 06:33:02.103 GMT-0800,53.351000000000006,53.299,0.0132,0.0132
13.11.2023 06:33:02.255 GMT-0800,53.361000000000004,53.299,0.0132,0.0132
13.11.2023 06:33:02.306 GMT-0800,53.372,53.318000000000005,0.0132,0.0009
13.11.2023 06:33:02.964 GMT-0800,53.372,53.298,0.0132,0.0132
13.11.2023 06:33:03.706 GMT-0800,53.372,53.318000000000005,0.0132,0.0009
13.11.2023 06:33:04.322 GMT-0800,53.372,53.298,0.0132,0.0132
13.11.2023 06:33:05.006 GMT-0800,53.351000000000006,53.299,0.0009,0.0132
13.11.2023 06:33:05.767 GMT-0800,53.361000000000004,53.299,0.0132,0.0132
13.11.2023 06:33:05.913 GMT-0800,53.352,53.298,0.0009,0.0132
13.11.2023 06:33:09.767 GMT-0800,53.352,53.318000000000005,0.0132,0.0009
13.11.2023 06:33:11.842 GMT-0800,53.34100000000001,53.318999999999996,0.0009,0.0132
13.11.2023 06:33:12.924 GMT-0800,53.31100000000001,53.278999999999996,0.0132,0.0132
13.11.2023 06:33:13.129 GMT-0800,53.322,53.278000000000006,0.0132,0.0132
13.11.2023 06:33:16.255 GMT-0800,53.31100000000001,53.278999999999996,0.0009,0.0132
13.11.2023 06:33:16.306 GMT-0800,53.31100000000001,53.259,0.0132,0.0132
13.11.2023 06:33:16.501 GMT-0800,53.292,53.258,0.0009,0.0132
13.11.2023 06:33:16.934 GMT-0800,53.312,53.258,0.0132,0.0132
13.11.2023 06:33:17.529 GMT-0800,53.301,53.259,0.0009,0.0132
13.11.2023 06:33:19.877 GMT-0800,53.291000000000004,53.259,0.0009,0.009
13.11.2023 06:33:19.931 GMT-0800,53.292,53.238,0.0132,0.0132
13.11.2023 06:33:20.084 GMT-0800,53.281000000000006,53.259,0.0132,0.009
13.11.2023 06:33:20.135 GMT-0800,53.281000000000006,53.248999999999995,0.0132,0.0132
13.11.2023 06:33:20.489 GMT-0800,53.291000000000004,53.259,0.0132,0.0132
13.11.2023 06:33:20.690 GMT-0800,53.292,53.238,0.0132,0.0132
13.11.2023 06:33:20.780 GMT-0800,53.292,53.258,0.0132,0.0009
13.11.2023 06:33:21.512 GMT-0800,53.291000000000004,53.239,0.0132,0.0132
13.11.2023 06:33:21.670 GMT-0800,53.262,53.238,0.0009,0.0132
13.11.2023 06:33:21.815 GMT-0800,53.27100000000001,53.239,0.0009,0.009
13.11.2023 06:33:21.866 GMT-0800,53.272,53.218,0.0132,0.0132
13.11.2023 06:33:22.190 GMT-0800,53.261,53.218999999999994,0.0132,0.0132
13.11.2023 06:33:22.435 GMT-0800,53.272,53.218,0.0132,0.0132
13.11.2023 06:33:22.486 GMT-0800,53.251000000000005,53.218999999999994,0.009,0.0132
13.11.2023 06:33:22.559 GMT-0800,53.272,53.218,0.0132,0.0132
13.11.2023 06:33:22.802 GMT-0800,53.27100000000001,53.199,0.0132,0.0132
13.11.2023 06:33:23.206 GMT-0800,53.251000000000005,53.199,0.0009,0.0132
13.11.2023 06:33:23.433 GMT-0800,53.252,53.218,0.009,0.0009
13.11.2023 06:33:23.484 GMT-0800,53.281000000000006,53.239,0.0132,0.0132
13.11.2023 06:33:24.110 GMT-0800,53.291000000000004,53.239,0.0132,0.0132
13.11.2023 06:33:28.796 GMT-0800,53.291000000000004,53.218999999999994,0.0132,0.0132
13.11.2023 06:33:29.491 GMT-0800,53.292,53.238,0.0132,0.0132
13.11.2023 06:33:30.337 GMT-0800,53.292,53.248000000000005,0.0132,0.0009
13.11.2023 06:33:30.388 GMT-0800,53.292,53.238,0.0132,0.0132
13.11.2023 06:33:31.109 GMT-0800,53.292,53.258,0.0132,0.0132
13.11.2023 06:33:31.400 GMT-0800,53.291000000000004,53.239,0.0132,0.0132
13.11.2023 06:33:31.710 GMT-0800,53.292,53.248000000000005,0.0132,0.0009
13.11.2023 06:33:31.817 GMT-0800,53.291000000000004,53.259,0.0132,0.0132
13.11.2023 06:33:32.193 GMT-0800,53.291000000000004,53.248999999999995,0.0132,0.0132
13.11.2023 06:33:32.244 GMT-0800,53.292,53.258,0.0132,0.0009
13.11.2023 06:33:33.104 GMT-0800,53.292,53.238,0.0132,0.0132
13.11.2023 06:33:33.398 GMT-0800,53.291000000000004,53.259,0.0132,0.0132
13.11.2023 06:33:33.977 GMT-0800,53.281000000000006,53.239,0.0132,0.0132
13.11.2023 06:33:34.552 GMT-0800,53.291000000000004,53.239,0.0132,0.0132
13.11.2023 06:33:34.932 GMT-0800,53.27100000000001,53.239,0.0132,0.0132
13.11.2023 06:33:35.032 GMT-0800,53.292,53.238,0.0132,0.0132
13.11.2023 06:33:37.352 GMT-0800,53.291000000000004,53.248999999999995,0.0132,0.0009
13.11.2023 06:33:37.403 GMT-0800,53.292,53.238,0.0132,0.0132
13.11.2023 06:33:37.734 GMT-0800,53.291000000000004,53.218999999999994,0.0132,0.0132
13.11.2023 06:33:37.842 GMT-0800,53.292,53.228,0.0132,0.0009
13.11.2023 06:33:38.119 GMT-0800,53.292,53.238,0.0132,0.0132
13.11.2023 06:33:38.525 GMT-0800,53.272,53.238,0.0009,0.009
13.11.2023 06:33:38.590 GMT-0800,53.27100000000001,53.218999999999994,0.0132,0.0132
13.11.2023 06:33:39.714 GMT-0800,53.242,53.218,0.0009,0.009
13.11.2023 06:33:39.766 GMT-0800,53.251000000000005,53.199,0.0132,0.0132
13.11.2023 06:33:39.817 GMT-0800,53.242,53.198,0.0132,0.0132
13.11.2023 06:33:39.868 GMT-0800,53.252,53.198,0.0132,0.0132
13.11.2023 06:33:39.969 GMT-0800,53.242,53.198,0.0132,0.0132
13.11.2023 06:33:40.078 GMT-0800,53.232,53.198,0.0132,0.0132
13.11.2023 06:33:40.578 GMT-0800,53.222,53.198,0.0009,0.009
13.11.2023 06:33:40.630 GMT-0800,53.222,53.188,0.0132,0.0132
13.11.2023 06:33:41.437 GMT-0800,53.231,53.189,0.0132,0.0132
13.11.2023 06:33:43.922 GMT-0800,53.211000000000006,53.189,0.0132,0.0132
13.11.2023 06:33:44.096 GMT-0800,53.20100000000001,53.189,0.0009,0.009
13.11.2023 06:33:44.146 GMT-0800,53.20100000000001,53.149,0.0132,0.0132
13.11.2023 06:33:44.317 GMT-0800,53.211000000000006,53.149,0.0132,0.0132
13.11.2023 06:33:44.481 GMT-0800,53.211000000000006,53.169,0.0132,0.0132
13.11.2023 06:33:45.146 GMT-0800,53.202,53.168000000000006,0.0009,0.009
13.11.2023 06:33:45.197 GMT-0800,53.202,53.148,0.0132,0.0132
13.11.2023 06:33:46.173 GMT-0800,53.211000000000006,53.149,0.0132,0.0132
13.11.2023 06:33:46.325 GMT-0800,53.20100000000001,53.149,0.0132,0.0132
13.11.2023 06:33:47.423 GMT-0800,53.211999999999996,53.148,0.0132,0.0132
13.11.2023 06:33:47.864 GMT-0800,53.20100000000001,53.149,0.0009,0.0132
13.11.2023 06:33:49.341 GMT-0800,53.211000000000006,53.149,0.0132,0.0132
13.11.2023 06:33:50.114 GMT-0800,53.211000000000006,53.169,0.009,0.0009
13.11.2023 06:33:50.165 GMT-0800,53.231,53.169,0.0132,0.0132
13.11.2023 06:33:50.506 GMT-0800,53.211000000000006,53.169,0.0132,0.0132
13.11.2023 06:33:51.868 GMT-0800,53.231,53.169,0.0132,0.0132
13.11.2023 06:33:52.662 GMT-0800,53.211000000000006,53.169,0.0132,0.0132
13.11.2023 06:33:53.340 GMT-0800,53.232,53.168000000000006,0.0132,0.0132
13.11.2023 06:33:53.973 GMT-0800,53.211000000000006,53.169,0.0132,0.0132
13.11.2023 06:33:54.091 GMT-0800,53.20100000000001,53.169,0.0009,0.0132
13.11.2023 06:33:54.144 GMT-0800,53.211999999999996,53.168000000000006,0.0132,0.0132
13.11.2023 06:33:54.544 GMT-0800,53.181000000000004,53.169,0.0009,0.009
13.11.2023 06:33:54.595 GMT-0800,53.182,53.148,0.0132,0.0132
13.11.2023 06:33:55.299 GMT-0800,53.181000000000004,53.159,0.0132,0.0009
13.11.2023 06:33:55.540 GMT-0800,53.181000000000004,53.169,0.009,0.0009
13.11.2023 06:33:55.590 GMT-0800,53.202,53.168000000000006,0.0132,0.0132
13.11.2023 06:33:55.742 GMT-0800,53.211999999999996,53.168000000000006,0.0132,0.0132
13.11.2023 06:33:57.412 GMT-0800,53.211000000000006,53.149,0.0132,0.0132
13.11.2023 06:33:57.463 GMT-0800,53.192,53.148,0.0009,0.0132
13.11.2023 06:33:57.514 GMT-0800,53.181000000000004,53.129,0.0132,0.0132
13.11.2023 06:33:59.209 GMT-0800,53.17100000000001,53.129,0.0009,0.0132
13.11.2023 06:33:59.364 GMT-0800,53.181000000000004,53.129,0.0132,0.0132
13.11.2023 06:33:59.421 GMT-0800,53.182,53.138000000000005,0.0132,0.0009
13.11.2023 06:33:59.550 GMT-0800,53.182,53.148,0.0132,0.0132
13.11.2023 06:34:05.253 GMT-0800,53.181000000000004,53.129,0.0132,0.0132
13.11.2023 06:34:05.769 GMT-0800,53.181000000000004,53.149,0.0132,0.0009
13.11.2023 06:34:05.820 GMT-0800,53.182,53.128,0.0132,0.0132
13.11.2023 06:34:05.921 GMT-0800,53.182,53.148,0.0132,0.0132
13.11.2023 06:34:06.373 GMT-0800,53.182,53.128,0.0132,0.0132
13.11.2023 06:34:06.875 GMT-0800,53.17100000000001,53.129,0.0009,0.0132
13.11.2023 06:34:07.282 GMT-0800,53.162,53.128,0.0009,0.0132
13.11.2023 06:34:07.332 GMT-0800,53.172,53.128,0.0132,0.0132
13.11.2023 06:34:07.740 GMT-0800,53.172,53.148,0.0132,0.0009
13.11.2023 06:34:07.791 GMT-0800,53.172,53.128,0.0132,0.0132
13.11.2023 06:34:07.916 GMT-0800,53.17100000000001,53.138999999999996,0.0132,0.0009
13.11.2023 06:34:07.967 GMT-0800,53.172,53.128,0.0132,0.0132
13.11.2023 06:34:08.324 GMT-0800,53.17100000000001,53.149,0.0132,0.009
13.11.2023 06:34:08.374 GMT-0800,53.172,53.128,0.0132,0.0132
13.11.2023 06:34:09.013 GMT-0800,53.162,53.108000000000004,0.0132,0.0132
13.11.2023 06:34:10.497 GMT-0800,53.152,53.108000000000004,0.0132,0.0132
13.11.2023 06:34:10.666 GMT-0800,53.141000000000005,53.108999999999995,0.0009,0.009
13.11.2023 06:34:10.717 GMT-0800,53.141999999999996,53.098000000000006,0.0132,0.0132
13.11.2023 06:34:11.074 GMT-0800,53.132,53.098000000000006,0.0132,0.0132
13.11.2023 06:34:13.801 GMT-0800,53.13100000000001,53.119,0.009,0.0009
13.11.2023 06:34:13.852 GMT-0800,53.152,53.118,0.0132,0.0132
13.11.2023 06:34:14.020 GMT-0800,53.161,53.119,0.0132,0.0132
13.11.2023 06:34:16.780 GMT-0800,53.17100000000001,53.099,0.0132,0.0132
13.11.2023 06:34:16.914 GMT-0800,53.172,53.118,0.0132,0.0009
13.11.2023 06:34:17.479 GMT-0800,53.17100000000001,53.129,0.0132,0.0009
13.11.2023 06:34:17.530 GMT-0800,53.17100000000001,53.119,0.0132,0.0132
13.11.2023 06:34:17.851 GMT-0800,53.17100000000001,53.138999999999996,0.0132,0.0132
13.11.2023 06:34:19.097 GMT-0800,53.17100000000001,53.149,0.009,0.0009
13.11.2023 06:34:19.148 GMT-0800,53.181000000000004,53.138999999999996,0.0132,0.0132
13.11.2023 06:34:20.830 GMT-0800,53.192,53.178000000000004,0.0009,0.0132
13.11.2023 06:34:20.881 GMT-0800,53.192,53.138000000000005,0.0132,0.0132
13.11.2023 06:34:20.932 GMT-0800,53.191,53.159,0.0132,0.0009
13.11.2023 06:34:21.273 GMT-0800,53.211999999999996,53.158,0.0132,0.0132
13.11.2023 06:34:21.324 GMT-0800,53.192,53.158,0.0132,0.0132
13.11.2023 06:34:21.778 GMT-0800,53.211000000000006,53.159,0.0132,0.0132
13.11.2023 06:34:22.151 GMT-0800,53.211000000000006,53.169,0.0132,0.0009
13.11.2023 06:34:22.351 GMT-0800,53.211000000000006,53.159,0.0132,0.0132
13.11.2023 06:34:22.401 GMT-0800,53.211000000000006,53.169,0.0132,0.0132
13.11.2023 06:34:22.502 GMT-0800,53.211999999999996,53.158,0.0132,0.0132
13.11.2023 06:34:23.810 GMT-0800,53.211999999999996,53.168000000000006,0.009,0.0009
13.11.2023 06:34:23.861 GMT-0800,53.222,53.168000000000006,0.0132,0.0132
13.11.2023 06:34:23.912 GMT-0800,53.211999999999996,53.158,0.0132,0.0132
13.11.2023 06:34:24.013 GMT-0800,53.222,53.178000000000004,0.0132,0.0132
13.11.2023 06:34:24.124 GMT-0800,53.221000000000004,53.189,0.0132,0.0132
13.11.2023 06:34:24.633 GMT-0800,53.221000000000004,53.178999999999995,0.0132,0.0132
13.11.2023 06:34:25.872 GMT-0800,53.221000000000004,53.189,0.0132,0.0009
13.11.2023 06:34:26.226 GMT-0800,53.231,53.199,0.0132,0.009
13.11.2023 06:34:26.277 GMT-0800,53.242,53.198,0.0132,0.0132
13.11.2023 06:34:26.384 GMT-0800,53.232,53.198,0.0009,0.0132
13.11.2023 06:34:26.487 GMT-0800,53.242,53.198,0.0132,0.0132
13.11.2023 06:34:26.555 GMT-0800,53.221000000000004,53.199,0.0009,0.009
13.11.2023 06:34:26.605 GMT-0800,53.222,53.178000000000004,0.0132,0.0132
13.11.2023 06:34:26.953 GMT-0800,53.232,53.178000000000004,0.0132,0.0132
13.11.2023 06:34:27.054 GMT-0800,53.221000000000004,53.178999999999995,0.0132,0.0132
13.11.2023 06:34:27.344 GMT-0800,53.211000000000006,53.178999999999995,0.0009,0.0132
13.11.2023 06:34:27.394 GMT-0800,53.232,53.178000000000004,0.0132,0.0132
13.11.2023 06:34:27.463 GMT-0800,53.211999999999996,53.178000000000004,0.0009,0.0132
13.11.2023 06:34:27.769 GMT-0800,53.211000000000006,53.159,0.0132,0.0132
13.11.2023 06:34:29.191 GMT-0800,53.211000000000006,53.178999999999995,0.009,0.0009
13.11.2023 06:34:29.241 GMT-0800,53.232,53.178000000000004,0.0132,0.0132
13.11.2023 06:34:30.250 GMT-0800,53.231,53.199,0.0132,0.0009
13.11.2023 06:34:31.560 GMT-0800,53.251000000000005,53.199,0.0132,0.0132
13.11.2023 06:34:31.611 GMT-0800,53.231,53.199,0.0132,0.0132
13.11.2023 06:34:33.476 GMT-0800,53.24100000000001,53.199,0.0132,0.0132
13.11.2023 06:34:33.652 GMT-0800,53.232,53.198,0.0009,0.0132
13.11.2023 06:34:33.753 GMT-0800,53.242,53.198,0.0132,0.0132
13.11.2023 06:34:34.233 GMT-0800,53.252,53.198,0.0132,0.0132
13.11.2023 06:34:34.283 GMT-0800,53.251000000000005,53.218999999999994,0.009,0.0009
13.11.2023 06:34:34.435 GMT-0800,53.262,53.218,0.0132,0.0132
13.11.2023 06:34:34.493 GMT-0800,53.251000000000005,53.218999999999994,0.0009,0.0132
13.11.2023 06:34:34.544 GMT-0800,53.262,53.218,0.0132,0.0132
13.11.2023 06:34:37.114 GMT-0800,53.251000000000005,53.218999999999994,0.0009,0.009
13.11.2023 06:34:37.165 GMT-0800,53.251000000000005,53.199,0.0132,0.0132
13.11.2023 06:34:37.678 GMT-0800,53.251000000000005,53.208999999999996,0.0132,0.0132
13.11.2023 06:34:37.729 GMT-0800,53.27100000000001,53.199,0.0132,0.0132
13.11.2023 06:34:38.568 GMT-0800,53.242,53.198,0.0009,0.0132
13.11.2023 06:34:40.581 GMT-0800,53.231,53.199,0.0009,0.0132
13.11.2023 06:34:40.632 GMT-0800,53.252,53.198,0.0132,0.0132
13.11.2023 06:34:41.051 GMT-0800,53.24100000000001,53.199,0.0009,0.0132
13.11.2023 06:34:41.153 GMT-0800,53.252,53.208000000000006,0.0132,0.009
13.11.2023 06:34:41.203 GMT-0800,53.252,53.198,0.0132,0.0132
13.11.2023 06:34:46.696 GMT-0800,53.231,53.199,0.0009,0.0132
13.11.2023 06:34:47.133 GMT-0800,53.222,53.198,0.0009,0.009
13.11.2023 06:34:47.184 GMT-0800,53.221000000000004,53.189,0.0132,0.0132
13.11.2023 06:34:51.378 GMT-0800,53.221000000000004,53.199,0.0132,0.0009
13.11.2023 06:34:52.179 GMT-0800,53.251000000000005,53.199,0.0132,0.0132
13.11.2023 06:34:54.015 GMT-0800,53.251000000000005,53.208999999999996,0.0132,0.0009
13.11.2023 06:34:54.380 GMT-0800,53.251000000000005,53.199,0.0132,0.0132
13.11.2023 06:34:55.235 GMT-0800,53.251000000000005,53.208999999999996,0.0132,0.0132
13.11.2023 06:34:55.507 GMT-0800,53.251000000000005,53.199,0.0132,0.0132
13.11.2023 06:34:55.670 GMT-0800,53.251000000000005,53.208999999999996,0.0132,0.0009
13.11.2023 06:34:56.037 GMT-0800,53.252,53.198,0.0132,0.0132
13.11.2023 06:34:56.438 GMT-0800,53.252,53.208000000000006,0.0132,0.0009
13.11.2023 06:34:57.292 GMT-0800,53.251000000000005,53.199,0.0132,0.0132
13.11.2023 06:34:57.933 GMT-0800,53.251000000000005,53.208999999999996,0.0132,0.0009
13.11.2023 06:34:59.729 GMT-0800,53.251000000000005,53.199,0.0132,0.0132
13.11.2023 06:34:59.819 GMT-0800,53.232,53.198,0.0009,0.0132
13.11.2023 06:34:59.870 GMT-0800,53.251000000000005,53.199,0.0132,0.0132
13.11.2023 06:35:00.022 GMT-0800,53.231,53.199,0.0009,0.0132
13.11.2023 06:35:00.227 GMT-0800,53.221000000000004,53.199,0.0009,0.0132
13.11.2023 06:35:00.287 GMT-0800,53.231,53.199,0.0132,0.0132
13.11.2023 06:35:00.569 GMT-0800,53.251000000000005,53.199,0.0132,0.0132
13.11.2023 06:35:00.680 GMT-0800,53.232,53.198,0.0009,0.0132
13.11.2023 06:35:01.426 GMT-0800,53.252,53.198,0.0132,0.0132
13.11.2023 06:35:01.632 GMT-0800,53.222,53.198,0.0009,0.0132
13.11.2023 06:35:02.148 GMT-0800,53.211000000000006,53.199,0.0009,0.0132
13.11.2023 06:35:02.860 GMT-0800,53.211000000000006,53.208999999999996,0.009,0.0009
13.11.2023 06:35:02.910 GMT-0800,53.221000000000004,53.208999999999996,0.0132,0.0132
13.11.2023 06:35:03.192 GMT-0800,53.252,53.208000000000006,0.0132,0.0132
13.11.2023 06:35:03.726 GMT-0800,53.251000000000005,53.229,0.0132,0.0009
13.11.2023 06:35:04.164 GMT-0800,53.27100000000001,53.229,0.0132,0.0132
13.11.2023 06:35:04.317 GMT-0800,53.261,53.229,0.0009,0.0132
13.11.2023 06:35:04.469 GMT-0800,53.251000000000005,53.229,0.0132,0.0132
13.11.2023 06:35:04.821 GMT-0800,53.242,53.228,0.0009,0.0132
13.11.2023 06:35:04.871 GMT-0800,53.251000000000005,53.229,0.0132,0.0132
13.11.2023 06:35:05.074 GMT-0800,53.261,53.229,0.0132,0.0132
13.11.2023 06:35:05.236 GMT-0800,53.261,53.239,0.0132,0.0009
13.11.2023 06:35:05.368 GMT-0800,53.252,53.237,0.0009,0.009
13.11.2023 06:35:05.419 GMT-0800,53.251000000000005,53.199,0.0132,0.0132
13.11.2023 06:35:05.717 GMT-0800,53.24100000000001,53.199,0.0009,0.0132
13.11.2023 06:35:05.768 GMT-0800,53.252,53.198,0.0132,0.0132
13.11.2023 06:35:05.819 GMT-0800,53.251000000000005,53.208999999999996,0.0132,0.0009
13.11.2023 06:35:05.869 GMT-0800,53.251000000000005,53.199,0.0132,0.0132
13.11.2023 06:35:06.664 GMT-0800,53.252,53.208000000000006,0.0132,0.0009
13.11.2023 06:35:06.969 GMT-0800,53.251000000000005,53.199,0.0132,0.0132
13.11.2023 06:35:07.250 GMT-0800,53.232,53.198,0.0132,0.0132
13.11.2023 06:35:07.351 GMT-0800,53.252,53.198,0.0132,0.0132
13.11.2023 06:35:07.502 GMT-0800,53.252,53.218,0.0132,0.0009
13.11.2023 06:35:09.665 GMT-0800,53.222,53.218,0.0009,0.009
13.11.2023 06:35:09.716 GMT-0800,53.252,53.198,0.0132,0.0132
13.11.2023 06:35:10.659 GMT-0800,53.231,53.189,0.0132,0.0132
13.11.2023 06:35:10.895 GMT-0800,53.232,53.198,0.0132,0.0009
13.11.2023 06:35:11.592 GMT-0800,53.232,53.188,0.0132,0.0132
13.11.2023 06:35:11.643 GMT-0800,53.222,53.188,0.0132,0.0132
13.11.2023 06:35:11.852 GMT-0800,53.211000000000006,53.189,0.0009,0.0132
13.11.2023 06:35:12.588 GMT-0800,53.232,53.188,0.0132,0.0132
13.11.2023 06:35:13.657 GMT-0800,53.221000000000004,53.189,0.009,0.0132
13.11.2023 06:35:13.708 GMT-0800,53.231,53.189,0.0132,0.0132
13.11.2023 06:35:14.123 GMT-0800,53.211999999999996,53.188,0.0132,0.0132
13.11.2023 06:35:14.496 GMT-0800,53.231,53.189,0.0132,0.0132
13.11.2023 06:35:14.619 GMT-0800,53.232,53.198,0.0132,0.0009
13.11.2023 06:35:14.721 GMT-0800,53.231,53.189,0.0132,0.0132
13.11.2023 06:35:14.887 GMT-0800,53.232,53.198,0.009,0.0009
13.11.2023 06:35:14.938 GMT-0800,53.251000000000005,53.199,0.0132,0.0132
13.11.2023 06:35:16.241 GMT-0800,53.251000000000005,53.208999999999996,0.0132,0.009
13.11.2023 06:35:16.292 GMT-0800,53.252,53.198,0.0132,0.0132
13.11.2023 06:35:16.773 GMT-0800,53.251000000000005,53.208999999999996,0.0132,0.0132
13.11.2023 06:35:16.823 GMT-0800,53.251000000000005,53.199,0.0132,0.0132
13.11.2023 06:35:16.930 GMT-0800,53.24100000000001,53.199,0.0009,0.0132
13.11.2023 06:35:17.051 GMT-0800,53.24100000000001,53.208999999999996,0.0132,0.0009
13.11.2023 06:35:17.244 GMT-0800,53.24100000000001,53.199,0.0132,0.0132
13.11.2023 06:35:17.505 GMT-0800,53.24100000000001,53.218999999999994,0.009,0.0009
13.11.2023 06:35:17.555 GMT-0800,53.27100000000001,53.218999999999994,0.0132,0.0132
13.11.2023 06:35:17.757 GMT-0800,53.27100000000001,53.199,0.0132,0.0132
13.11.2023 06:35:17.811 GMT-0800,53.272,53.228,0.0132,0.0009
13.11.2023 06:35:17.862 GMT-0800,53.272,53.198,0.0132,0.0132
13.11.2023 06:35:19.762 GMT-0800,53.27100000000001,53.218999999999994,0.0132,0.0132
13.11.2023 06:35:19.996 GMT-0800,53.27100000000001,53.229,0.0132,0.0009
13.11.2023 06:35:20.047 GMT-0800,53.27100000000001,53.218999999999994,0.0132,0.0132
13.11.2023 06:35:20.623 GMT-0800,53.27100000000001,53.229,0.0132,0.0009
13.11.2023 06:35:20.674 GMT-0800,53.272,53.198,0.0132,0.0132
13.11.2023 06:35:20.725 GMT-0800,53.251000000000005,53.199,0.0132,0.0132
13.11.2023 06:35:21.821 GMT-0800,53.252,53.208000000000006,0.0132,0.0009
13.11.2023 06:35:21.922 GMT-0800,53.251000000000005,53.199,0.0132,0.0132
13.11.2023 06:35:22.358 GMT-0800,53.232,53.198,0.009,0.0132
13.11.2023 06:35:22.409 GMT-0800,53.251000000000005,53.208999999999996,0.0132,0.0132
13.11.2023 06:35:22.733 GMT-0800,53.251000000000005,53.199,0.0132,0.0132
13.11.2023 06:35:22.963 GMT-0800,53.242,53.198,0.0009,0.0132
13.11.2023 06:35:23.015 GMT-0800,53.252,53.198,0.0132,0.0132
13.11.2023 06:35:23.116 GMT-0800,53.221000000000004,53.199,0.0009,0.0132
13.11.2023 06:35:23.167 GMT-0800,53.231,53.189,0.0132,0.0132
13.11.2023 06:35:23.268 GMT-0800,53.211999999999996,53.188,0.0132,0.0132
13.11.2023 06:35:24.092 GMT-0800,53.191,53.185,0.0009,0.009
13.11.2023 06:35:24.143 GMT-0800,53.192,53.158,0.0132,0.0132
13.11.2023 06:35:24.266 GMT-0800,53.192,53.148,0.0132,0.0132
13.11.2023 06:35:24.572 GMT-0800,53.192,53.158,0.0132,0.0009
13.11.2023 06:35:24.673 GMT-0800,53.191,53.149,0.0132,0.0132
13.11.2023 06:35:25.140 GMT-0800,53.181000000000004,53.149,0.0009,0.0132
13.11.2023 06:35:25.241 GMT-0800,53.17100000000001,53.149,0.0132,0.0132
13.11.2023 06:35:25.292 GMT-0800,53.17100000000001,53.138999999999996,0.0132,0.0132
13.11.2023 06:35:25.475 GMT-0800,53.17100000000001,53.119,0.0132,0.0132
13.11.2023 06:35:25.525 GMT-0800,53.192,53.158,0.0132,0.0132
13.11.2023 06:35:26.025 GMT-0800,53.191,53.138999999999996,0.0132,0.0132
13.11.2023 06:35:26.569 GMT-0800,53.182,53.138000000000005,0.0132,0.0132
13.11.2023 06:35:26.619 GMT-0800,53.191,53.138999999999996,0.0132,0.0132
13.11.2023 06:35:26.948 GMT-0800,53.181000000000004,53.138999999999996,0.0132,0.0132
13.11.2023 06:35:27.150 GMT-0800,53.211000000000006,53.138999999999996,0.0132,0.0132
13.11.2023 06:35:27.347 GMT-0800,53.182,53.138000000000005,0.0009,0.0132
13.11.2023 06:35:27.915 GMT-0800,53.182,53.148,0.009,0.0009
13.11.2023 06:35:27.965 GMT-0800,53.211000000000006,53.149,0.0132,0.0132
13.11.2023 06:35:28.085 GMT-0800,53.211000000000006,53.138999999999996,0.0132,0.0132
13.11.2023 06:35:28.406 GMT-0800,53.192,53.138000000000005,0.0132,0.0132
13.11.2023 06:35:28.555 GMT-0800,53.181000000000004,53.159,0.0009,0.0009
13.11.2023 06:35:28.605 GMT-0800,53.191,53.159,0.0132,0.0009
13.11.2023 06:35:29.076 GMT-0800,53.191,53.149,0.0132,0.009
13.11.2023 06:35:29.232 GMT-0800,53.20100000000001,53.149,0.0132,0.0132
13.11.2023 06:35:29.282 GMT-0800,53.202,53.168000000000006,0.0132,0.0132
13.11.2023 06:35:29.333 GMT-0800,53.211999999999996,53.168000000000006,0.0132,0.0132
13.11.2023 06:35:29.416 GMT-0800,53.211000000000006,53.178999999999995,0.0132,0.0009
13.11.2023 06:35:29.466 GMT-0800,53.211000000000006,53.159,0.0132,0.0132
13.11.2023 06:35:29.517 GMT-0800,53.192,53.148,0.0132,0.0132
13.11.2023 06:35:29.642 GMT-0800,53.191,53.159,0.0132,0.0132
13.11.2023 06:35:29.693 GMT-0800,53.191,53.149,0.0132,0.0132
13.11.2023 06:35:29.902 GMT-0800,53.182,53.148,0.0009,0.009
13.11.2023 06:35:29.953 GMT-0800,53.181000000000004,53.138999999999996,0.009,0.0132
13.11.2023 06:35:30.004 GMT-0800,53.191,53.138999999999996,0.0132,0.0132
13.11.2023 06:35:30.105 GMT-0800,53.192,53.148,0.0132,0.0132
13.11.2023 06:35:30.241 GMT-0800,53.191,53.138999999999996,0.0132,0.0132
13.11.2023 06:35:30.789 GMT-0800,53.192,53.168000000000006,0.0132,0.0009
13.11.2023 06:35:30.840 GMT-0800,53.192,53.148,0.0132,0.0009
13.11.2023 06:35:31.015 GMT-0800,53.191,53.159,0.0132,0.0009
13.11.2023 06:35:31.230 GMT-0800,53.211999999999996,53.158,0.0132,0.0132
13.11.2023 06:35:31.304 GMT-0800,53.211000000000006,53.169,0.0132,0.0009
13.11.2023 06:35:31.406 GMT-0800,53.192,53.158,0.0132,0.0132
13.11.2023 06:35:31.458 GMT-0800,53.211000000000006,53.169,0.0132,0.0132
13.11.2023 06:35:32.411 GMT-0800,53.211999999999996,53.158,0.0132,0.0132
13.11.2023 06:35:32.647 GMT-0800,53.211000000000006,53.169,0.0132,0.0009
13.11.2023 06:35:32.749 GMT-0800,53.211999999999996,53.158,0.0132,0.0132
13.11.2023 06:35:32.917 GMT-0800,53.211999999999996,53.168000000000006,0.0132,0.0009
13.11.2023 06:35:33.019 GMT-0800,53.211999999999996,53.188,0.0132,0.0132
13.11.2023 06:35:33.321 GMT-0800,53.231,53.189,0.0132,0.0132
13.11.2023 06:35:33.805 GMT-0800,53.211000000000006,53.189,0.0009,0.009
13.11.2023 06:35:33.855 GMT-0800,53.211000000000006,53.159,0.0132,0.0132
13.11.2023 06:35:33.966 GMT-0800,53.211000000000006,53.169,0.0132,0.0009
13.11.2023 06:35:34.068 GMT-0800,53.211999999999996,53.158,0.0132,0.0132
13.11.2023 06:35:34.218 GMT-0800,53.211000000000006,53.169,0.0132,0.0009
13.11.2023 06:35:34.269 GMT-0800,53.211999999999996,53.158,0.0132,0.0132
13.11.2023 06:35:34.684 GMT-0800,53.211999999999996,53.168000000000006,0.0132,0.0132
13.11.2023 06:35:34.920 GMT-0800,53.211000000000006,53.159,0.0132,0.0132
13.11.2023 06:35:35.380 GMT-0800,53.211000000000006,53.169,0.0132,0.0009
13.11.2023 06:35:35.431 GMT-0800,53.211999999999996,53.158,0.0132,0.0132
13.11.2023 06:35:35.759 GMT-0800,53.191,53.159,0.0009,0.0132
13.11.2023 06:35:35.810 GMT-0800,53.211999999999996,53.158,0.0132,0.0132
13.11.2023 06:35:36.285 GMT-0800,53.211000000000006,53.169,0.0132,0.0009
13.11.2023 06:35:36.336 GMT-0800,53.211999999999996,53.158,0.0132,0.0132
13.11.2023 06:35:36.575 GMT-0800,53.211000000000006,53.169,0.0132,0.0009
13.11.2023 06:35:36.677 GMT-0800,53.191,53.159,0.009,0.0132
13.11.2023 06:35:36.727 GMT-0800,53.211999999999996,53.158,0.0132,0.0132
13.11.2023 06:35:37.413 GMT-0800,53.191,53.159,0.0009,0.0132
13.11.2023 06:35:37.515 GMT-0800,53.181000000000004,53.138999999999996,0.0132,0.0132
13.11.2023 06:35:37.616 GMT-0800,53.191,53.138999999999996,0.0132,0.0132
13.11.2023 06:35:37.768 GMT-0800,53.182,53.138000000000005,0.0009,0.0132
13.11.2023 06:35:37.819 GMT-0800,53.191,53.138999999999996,0.0132,0.0132
13.11.2023 06:35:38.159 GMT-0800,53.191,53.149,0.0132,0.0132
13.11.2023 06:35:38.261 GMT-0800,53.181000000000004,53.149,0.0132,0.0132
13.11.2023 06:35:38.414 GMT-0800,53.192,53.148,0.0132,0.0132
13.11.2023 06:35:38.474 GMT-0800,53.181000000000004,53.149,0.0009,0.0132
13.11.2023 06:35:38.525 GMT-0800,53.192,53.148,0.0132,0.0132
13.11.2023 06:35:38.631 GMT-0800,53.192,53.138000000000005,0.0132,0.0132
13.11.2023 06:35:39.645 GMT-0800,53.191,53.149,0.0132,0.0009
13.11.2023 06:35:39.696 GMT-0800,53.191,53.138999999999996,0.0132,0.0132
13.11.2023 06:35:39.776 GMT-0800,53.191,53.159,0.0132,0.0009
13.11.2023 06:35:39.827 GMT-0800,53.211999999999996,53.158,0.0132,0.0132
13.11.2023 06:35:40.260 GMT-0800,53.211000000000006,53.169,0.0132,0.0009
13.11.2023 06:35:40.311 GMT-0800,53.211999999999996,53.158,0.0132,0.0132
13.11.2023 06:35:40.819 GMT-0800,53.211000000000006,53.169,0.0132,0.0009
13.11.2023 06:35:40.869 GMT-0800,53.211999999999996,53.158,0.0132,0.0132
13.11.2023 06:35:41.095 GMT-0800,53.211000000000006,53.169,0.0132,0.0009
13.11.2023 06:35:41.327 GMT-0800,53.211000000000006,53.159,0.0132,0.0132
13.11.2023 06:35:41.378 GMT-0800,53.211000000000006,53.169,0.0132,0.0009
13.11.2023 06:35:41.479 GMT-0800,53.211999999999996,53.158,0.0132,0.0132
13.11.2023 06:35:41.953 GMT-0800,53.211999999999996,53.188,0.009,0.0009
13.11.2023 06:35:42.003 GMT-0800,53.232,53.178000000000004,0.0132,0.0132
13.11.2023 06:35:42.177 GMT-0800,53.20100000000001,53.178999999999995,0.0009,0.0132
13.11.2023 06:35:42.229 GMT-0800,53.231,53.178999999999995,0.0132,0.0132
13.11.2023 06:35:42.737 GMT-0800,53.232,53.168000000000006,0.0132,0.0132
13.11.2023 06:35:42.966 GMT-0800,53.231,53.159,0.0132,0.0132
13.11.2023 06:35:43.034 GMT-0800,53.232,53.178000000000004,0.0132,0.0009
13.11.2023 06:35:43.420 GMT-0800,53.231,53.199,0.0132,0.0009
13.11.2023 06:35:43.471 GMT-0800,53.231,53.178999999999995,0.0132,0.0132
13.11.2023 06:35:43.557 GMT-0800,53.231,53.199,0.0132,0.0009
13.11.2023 06:35:43.608 GMT-0800,53.231,53.178999999999995,0.0132,0.0132
13.11.2023 06:35:43.966 GMT-0800,53.232,53.198,0.009,0.0009
13.11.2023 06:35:44.016 GMT-0800,53.251000000000005,53.199,0.0132,0.0132
13.11.2023 06:35:45.129 GMT-0800,53.221000000000004,53.199,0.0009,0.009
13.11.2023 06:35:45.179 GMT-0800,53.222,53.178000000000004,0.0132,0.0132
13.11.2023 06:35:45.989 GMT-0800,53.202,53.178000000000004,0.0009,0.009
13.11.2023 06:35:46.140 GMT-0800,53.202,53.158,0.0132,0.0132
13.11.2023 06:35:46.786 GMT-0800,53.191,53.159,0.0009,0.009
13.11.2023 06:35:46.837 GMT-0800,53.202,53.158,0.0132,0.0132
13.11.2023 06:35:47.345 GMT-0800,53.192,53.158,0.0009,0.009
13.11.2023 06:35:47.395 GMT-0800,53.191,53.138999999999996,0.0132,0.0132
13.11.2023 06:35:48.088 GMT-0800,53.191,53.169,0.009,0.0009
13.11.2023 06:35:48.139 GMT-0800,53.202,53.168000000000006,0.0132,0.009
13.11.2023 06:35:48.240 GMT-0800,53.191,53.159,0.0132,0.0132
13.11.2023 06:35:48.362 GMT-0800,53.20100000000001,53.169,0.0132,0.0132
13.11.2023 06:35:48.412 GMT-0800,53.202,53.158,0.0132,0.0132
13.11.2023 06:35:48.463 GMT-0800,53.191,53.159,0.0132,0.0132
13.11.2023 06:35:48.763 GMT-0800,53.192,53.138000000000005,0.0132,0.0132
13.11.2023 06:35:53.197 GMT-0800,53.172,53.138000000000005,0.0009,0.0132
13.11.2023 06:35:53.248 GMT-0800,53.172,53.108000000000004,0.0132,0.0132
13.11.2023 06:35:53.354 GMT-0800,53.141000000000005,53.108999999999995,0.0009,0.009
13.11.2023 06:35:53.475 GMT-0800,53.141000000000005,53.119,0.009,0.0009
13.11.2023 06:35:53.526 GMT-0800,53.152,53.098000000000006,0.0132,0.0132
13.11.2023 06:35:55.400 GMT-0800,53.152,53.108000000000004,0.0132,0.0009
13.11.2023 06:35:55.863 GMT-0800,53.151,53.138999999999996,0.009,0.0009
13.11.2023 06:35:55.914 GMT-0800,53.172,53.118,0.0132,0.0132
13.11.2023 06:35:56.218 GMT-0800,53.152,53.118,0.0009,0.009
13.11.2023 06:35:56.274 GMT-0800,53.151,53.099,0.0132,0.0132
13.11.2023 06:35:56.593 GMT-0800,53.132,53.098000000000006,0.0132,0.0132
13.11.2023 06:35:57.018 GMT-0800,53.13100000000001,53.079,0.0132,0.0132
13.11.2023 06:35:57.976 GMT-0800,53.152,53.078,0.0132,0.0132
13.11.2023 06:35:58.027 GMT-0800,53.132,53.078,0.0009,0.0132
13.11.2023 06:35:58.078 GMT-0800,53.151,53.079,0.0132,0.0132
13.11.2023 06:35:58.694 GMT-0800,53.13100000000001,53.079,0.009,0.0132
13.11.2023 06:35:58.900 GMT-0800,53.122,53.078,0.0132,0.0132
13.11.2023 06:36:00.154 GMT-0800,53.121,53.089,0.0132,0.0009
13.11.2023 06:36:00.299 GMT-0800,53.111000000000004,53.079,0.0132,0.0132
13.11.2023 06:36:00.612 GMT-0800,53.112,53.088,0.0132,0.0009
13.11.2023 06:36:00.880 GMT-0800,53.111000000000004,53.079,0.0132,0.0132
13.11.2023 06:36:00.930 GMT-0800,53.111000000000004,53.099,0.0132,0.0009
13.11.2023 06:36:01.113 GMT-0800,53.111000000000004,53.108999999999995,0.009,0.0009
13.11.2023 06:36:01.163 GMT-0800,53.111000000000004,53.099,0.009,0.009
13.11.2023 06:36:01.214 GMT-0800,53.121,53.099,0.0132,0.0009
13.11.2023 06:36:01.265 GMT-0800,53.121,53.079,0.0132,0.0132
13.11.2023 06:36:01.365 GMT-0800,53.122,53.098000000000006,0.0132,0.0009
13.11.2023 06:36:01.416 GMT-0800,53.122,53.078,0.0132,0.0132
13.11.2023 06:36:05.065 GMT-0800,53.111000000000004,53.089,0.0009,0.0009
13.11.2023 06:36:05.116 GMT-0800,53.111000000000004,53.079,0.0132,0.0132
13.11.2023 06:36:05.268 GMT-0800,53.121,53.079,0.0132,0.0132
13.11.2023 06:36:05.319 GMT-0800,53.101000000000006,53.059,0.0132,0.0132
13.11.2023 06:36:05.370 GMT-0800,53.111000000000004,53.059,0.0132,0.0132
13.11.2023 06:36:05.421 GMT-0800,53.121,53.079,0.0132,0.0132
13.11.2023 06:36:05.522 GMT-0800,53.13100000000001,53.099,0.0132,0.0132
13.11.2023 06:36:05.675 GMT-0800,53.121,53.089,0.0132,0.0009
13.11.2023 06:36:05.783 GMT-0800,53.13100000000001,53.099,0.0132,0.0132
13.11.2023 06:36:05.884 GMT-0800,53.121,53.079,0.0132,0.0132
13.11.2023 06:36:06.486 GMT-0800,53.121,53.099,0.0132,0.0009
13.11.2023 06:36:06.744 GMT-0800,53.121,53.079,0.0132,0.0132
13.11.2023 06:36:06.964 GMT-0800,53.122,53.098000000000006,0.0132,0.0009
13.11.2023 06:36:07.705 GMT-0800,53.111000000000004,53.099,0.0009,0.009
13.11.2023 06:36:07.756 GMT-0800,53.112,53.078,0.0132,0.0132
13.11.2023 06:36:08.158 GMT-0800,53.112,53.098000000000006,0.009,0.0009
13.11.2023 06:36:08.209 GMT-0800,53.132,53.098000000000006,0.0132,0.0132
13.11.2023 06:36:08.260 GMT-0800,53.132,53.108000000000004,0.0132,0.0132
13.11.2023 06:36:08.310 GMT-0800,53.13100000000001,53.099,0.0132,0.0132
13.11.2023 06:36:08.411 GMT-0800,53.13100000000001,53.108999999999995,0.0132,0.0009
13.11.2023 06:36:08.513 GMT-0800,53.132,53.098000000000006,0.0132,0.0132
13.11.2023 06:36:08.563 GMT-0800,53.13100000000001,53.108999999999995,0.0132,0.0009
13.11.2023 06:36:08.718 GMT-0800,53.132,53.098000000000006,0.0132,0.0132
13.11.2023 06:36:08.971 GMT-0800,53.13100000000001,53.108999999999995,0.0132,0.009
13.11.2023 06:36:09.022 GMT-0800,53.13100000000001,53.099,0.0132,0.0132
13.11.2023 06:36:09.072 GMT-0800,53.13100000000001,53.108999999999995,0.0132,0.0132
13.11.2023 06:36:09.173 GMT-0800,53.13100000000001,53.099,0.0132,0.0132
13.11.2023 06:36:09.224 GMT-0800,53.121,53.099,0.009,0.0132
13.11.2023 06:36:09.873 GMT-0800,53.132,53.078,0.0132,0.0132
13.11.2023 06:36:09.923 GMT-0800,53.112,53.068000000000005,0.0132,0.0132
13.11.2023 06:36:10.108 GMT-0800,53.111000000000004,53.079,0.0132,0.0009
13.11.2023 06:36:10.423 GMT-0800,53.13100000000001,53.079,0.0132,0.009
13.11.2023 06:36:10.474 GMT-0800,53.13100000000001,53.059,0.0132,0.0132
13.11.2023 06:36:10.983 GMT-0800,53.132,53.078,0.0132,0.0009
13.11.2023 06:36:11.309 GMT-0800,53.132,53.088,0.0132,0.0009
13.11.2023 06:36:11.360 GMT-0800,53.132,53.078,0.0132,0.0132
13.11.2023 06:36:11.734 GMT-0800,53.13100000000001,53.089,0.0132,0.0009
13.11.2023 06:36:11.841 GMT-0800,53.132,53.098000000000006,0.0132,0.0132
13.11.2023 06:36:12.045 GMT-0800,53.122,53.098000000000006,0.0009,0.009
13.11.2023 06:36:12.095 GMT-0800,53.122,53.078,0.0132,0.0132
13.11.2023 06:36:12.266 GMT-0800,53.132,53.078,0.0132,0.0132
13.11.2023 06:36:12.614 GMT-0800,53.111000000000004,53.079,0.0009,0.0132
13.11.2023 06:36:12.665 GMT-0800,53.13100000000001,53.079,0.0132,0.0132
13.11.2023 06:36:12.715 GMT-0800,53.132,53.088,0.0132,0.009
13.11.2023 06:36:12.766 GMT-0800,53.13100000000001,53.079,0.0132,0.0132
13.11.2023 06:36:12.837 GMT-0800,53.132,53.088,0.0132,0.0009
13.11.2023 06:36:12.939 GMT-0800,53.132,53.078,0.0132,0.0132
13.11.2023 06:36:13.069 GMT-0800,53.132,53.088,0.0132,0.0009
13.11.2023 06:36:13.495 GMT-0800,53.132,53.078,0.0132,0.0132
13.11.2023 06:36:14.657 GMT-0800,53.111000000000004,53.059,0.0132,0.0132
13.11.2023 06:36:15.066 GMT-0800,53.111000000000004,53.038999999999994,0.0132,0.0132
13.11.2023 06:36:15.167 GMT-0800,53.092,53.038000000000004,0.0009,0.0132
13.11.2023 06:36:16.024 GMT-0800,53.092,53.048,0.0132,0.0009
13.11.2023 06:36:16.442 GMT-0800,53.081,53.049,0.0009,0.0132
13.11.2023 06:36:16.543 GMT-0800,53.092,53.058,0.0132,0.009
13.11.2023 06:36:16.594 GMT-0800,53.092,53.048,0.0132,0.0132
13.11.2023 06:36:16.842 GMT-0800,53.092,53.058,0.0132,0.0009
13.11.2023 06:36:16.893 GMT-0800,53.09100000000001,53.049,0.0132,0.0132
13.11.2023 06:36:17.366 GMT-0800,53.09100000000001,53.059,0.0132,0.0009
13.11.2023 06:36:17.417 GMT-0800,53.111000000000004,53.059,0.0132,0.0132
13.11.2023 06:36:17.479 GMT-0800,53.111000000000004,53.068999999999996,0.0132,0.0009
13.11.2023 06:36:17.641 GMT-0800,53.112,53.078,0.0132,0.0009
13.11.2023 06:36:17.964 GMT-0800,53.112,53.098000000000006,0.009,0.0009
13.11.2023 06:36:18.015 GMT-0800,53.121,53.099,0.0132,0.0132
13.11.2023 06:36:18.167 GMT-0800,53.121,53.079,0.0132,0.0132
13.11.2023 06:36:18.218 GMT-0800,53.121,53.089,0.0132,0.0009
13.11.2023 06:36:18.328 GMT-0800,53.121,53.099,0.0132,0.0009
13.11.2023 06:36:18.434 GMT-0800,53.111000000000004,53.089,0.0009,0.0132
13.11.2023 06:36:18.660 GMT-0800,53.101000000000006,53.089,0.0009,0.009
13.11.2023 06:36:18.717 GMT-0800,53.102,53.078,0.0132,0.0132
13.11.2023 06:36:18.878 GMT-0800,53.112,53.078,0.0132,0.0132
13.11.2023 06:36:19.210 GMT-0800,53.112,53.068000000000005,0.0132,0.0132
13.11.2023 06:36:19.260 GMT-0800,53.092,53.068000000000005,0.0009,0.0132
13.11.2023 06:36:19.361 GMT-0800,53.081,53.068999999999996,0.0009,0.009
13.11.2023 06:36:19.412 GMT-0800,53.081,53.059,0.0132,0.0132
13.11.2023 06:36:19.463 GMT-0800,53.092,53.058,0.0132,0.0132
13.11.2023 06:36:20.843 GMT-0800,53.081,53.059,0.0132,0.0132
13.11.2023 06:36:20.979 GMT-0800,53.072,53.058,0.0132,0.0132
13.11.2023 06:36:22.114 GMT-0800,53.071000000000005,53.038999999999994,0.0132,0.0132
13.11.2023 06:36:22.165 GMT-0800,53.081,53.038999999999994,0.0132,0.0132
13.11.2023 06:36:22.215 GMT-0800,53.071000000000005,53.038999999999994,0.0132,0.0132
13.11.2023 06:36:22.667 GMT-0800,53.082,53.038000000000004,0.0132,0.0132
13.11.2023 06:36:22.768 GMT-0800,53.072,53.038000000000004,0.0132,0.0132
13.11.2023 06:36:23.220 GMT-0800,53.062,53.038000000000004,0.0009,0.0132
13.11.2023 06:36:23.271 GMT-0800,53.072,53.038000000000004,0.0132,0.0132
13.11.2023 06:36:23.652 GMT-0800,53.062,53.038000000000004,0.0009,0.009
13.11.2023 06:36:23.703 GMT-0800,53.062,53.028000000000006,0.0132,0.0132
13.11.2023 06:36:23.973 GMT-0800,53.062,53.018,0.0132,0.0132
13.11.2023 06:36:24.421 GMT-0800,53.06100000000001,53.028999999999996,0.0132,0.0009
13.11.2023 06:36:24.522 GMT-0800,53.062,53.018,0.0132,0.0132
13.11.2023 06:36:24.604 GMT-0800,53.052,53.018,0.0009,0.0132
13.11.2023 06:36:24.655 GMT-0800,53.062,53.018,0.0132,0.0132
13.11.2023 06:36:24.756 GMT-0800,53.06100000000001,53.028999999999996,0.0132,0.0132
13.11.2023 06:36:24.857 GMT-0800,53.052,53.018,0.009,0.0132
13.11.2023 06:36:24.908 GMT-0800,53.062,53.018,0.0132,0.0132
13.11.2023 06:36:25.526 GMT-0800,53.06100000000001,53.038999999999994,0.0132,0.0009
13.11.2023 06:36:25.698 GMT-0800,53.062,53.048,0.0132,0.0009
13.11.2023 06:36:25.749 GMT-0800,53.072,53.048,0.0132,0.0132
13.11.2023 06:36:25.964 GMT-0800,53.082,53.038000000000004,0.0132,0.0132
13.11.2023 06:36:26.065 GMT-0800,53.072,53.018,0.0132,0.0132
13.11.2023 06:36:26.116 GMT-0800,53.081,53.038999999999994,0.0132,0.0132
13.11.2023 06:36:26.261 GMT-0800,53.072,53.018,0.0132,0.0132
13.11.2023 06:36:26.358 GMT-0800,53.071000000000005,53.028999999999996,0.0132,0.0009
13.11.2023 06:36:26.512 GMT-0800,53.071000000000005,53.038999999999994,0.0132,0.0009
13.11.2023 06:36:26.563 GMT-0800,53.081,53.038999999999994,0.0132,0.0132
13.11.2023 06:36:26.919 GMT-0800,53.082,53.048,0.0132,0.0009
13.11.2023 06:36:27.071 GMT-0800,53.082,53.038000000000004,0.0132,0.0132
13.11.2023 06:36:27.546 GMT-0800,53.082,53.048,0.0132,0.0009
13.11.2023 06:36:27.648 GMT-0800,53.081,53.038999999999994,0.0132,0.0132
13.11.2023 06:36:28.220 GMT-0800,53.081,53.049,0.0132,0.0009
13.11.2023 06:36:28.761 GMT-0800,53.081,53.038999999999994,0.0132,0.0132
13.11.2023 06:36:29.564 GMT-0800,53.082,53.048,0.0132,0.0009
13.11.2023 06:36:29.615 GMT-0800,53.082,53.038000000000004,0.0132,0.0132
13.11.2023 06:36:29.996 GMT-0800,53.082,53.067,0.0132,0.0009
13.11.2023 06:36:30.047 GMT-0800,53.101000000000006,53.059,0.0132,0.0132
13.11.2023 06:36:30.148 GMT-0800,53.112,53.058,0.0132,0.0132
13.11.2023 06:36:30.199 GMT-0800,53.09100000000001,53.068999999999996,0.0009,0.009
13.11.2023 06:36:30.249 GMT-0800,53.112,53.058,0.0132,0.0132
13.11.2023 06:36:30.647 GMT-0800,53.111000000000004,53.068999999999996,0.0132,0.0009
13.11.2023 06:36:30.698 GMT-0800,53.112,53.058,0.0132,0.0132
13.11.2023 06:36:30.771 GMT-0800,53.112,53.068000000000005,0.0132,0.0009
13.11.2023 06:36:30.872 GMT-0800,53.111000000000004,53.059,0.0132,0.0132
13.11.2023 06:36:30.925 GMT-0800,53.111000000000004,53.068999999999996,0.0132,0.0009
13.11.2023 06:36:30.976 GMT-0800,53.112,53.058,0.0132,0.0132
13.11.2023 06:36:31.027 GMT-0800,53.112,53.068000000000005,0.0132,0.0009
13.11.2023 06:36:31.128 GMT-0800,53.112,53.058,0.0132,0.0132
13.11.2023 06:36:31.373 GMT-0800,53.112,53.068000000000005,0.0132,0.0009
13.11.2023 06:36:31.573 GMT-0800,53.112,53.058,0.0132,0.0132
13.11.2023 06:36:31.726 GMT-0800,53.111000000000004,53.068999999999996,0.0132,0.0132
13.11.2023 06:36:31.878 GMT-0800,53.101000000000006,53.068999999999996,0.0132,0.0132
13.11.2023 06:36:31.981 GMT-0800,53.102,53.058,0.0132,0.0132
13.11.2023 06:36:32.116 GMT-0800,53.081,53.059,0.0009,0.0132
13.11.2023 06:36:32.167 GMT-0800,53.09100000000001,53.059,0.0009,0.0132
13.11.2023 06:36:32.218 GMT-0800,53.081,53.059,0.0132,0.0132
13.11.2023 06:36:32.319 GMT-0800,53.072,53.038000000000004,0.0132,0.009
13.11.2023 06:36:32.370 GMT-0800,53.071000000000005,53.019,0.0132,0.0132
13.11.2023 06:36:32.471 GMT-0800,53.071000000000005,53.038999999999994,0.0132,0.0132
13.11.2023 06:36:32.796 GMT-0800,53.081,53.038999999999994,0.0132,0.0132
13.11.2023 06:36:33.037 GMT-0800,53.072,53.038000000000004,0.0009,0.0132
13.11.2023 06:36:33.138 GMT-0800,53.072,53.018,0.0132,0.0132
13.11.2023 06:36:33.199 GMT-0800,53.072,53.028000000000006,0.009,0.0009
13.11.2023 06:36:33.300 GMT-0800,53.081,53.038999999999994,0.0132,0.0132
13.11.2023 06:36:33.632 GMT-0800,53.09100000000001,53.038999999999994,0.0132,0.0132
13.11.2023 06:36:33.770 GMT-0800,53.092,53.018,0.0132,0.0132
13.11.2023 06:36:34.155 GMT-0800,53.071000000000005,53.019,0.0132,0.0132
13.11.2023 06:36:34.256 GMT-0800,53.082,53.038000000000004,0.0132,0.0132
13.11.2023 06:36:34.408 GMT-0800,53.092,53.038000000000004,0.0132,0.0132
13.11.2023 06:36:34.731 GMT-0800,53.081,53.038999999999994,0.0009,0.0132
13.11.2023 06:36:35.375 GMT-0800,53.09100000000001,53.038999999999994,0.0132,0.0132
13.11.2023 06:36:35.427 GMT-0800,53.09100000000001,53.049,0.0132,0.0132
13.11.2023 06:36:35.528 GMT-0800,53.092,53.038000000000004,0.0132,0.0132
13.11.2023 06:36:35.578 GMT-0800,53.071000000000005,53.038999999999994,0.009,0.0132
13.11.2023 06:36:35.629 GMT-0800,53.09100000000001,53.049,0.0132,0.0132
13.11.2023 06:36:35.680 GMT-0800,53.092,53.038000000000004,0.0132,0.0132
13.11.2023 06:36:35.747 GMT-0800,53.09100000000001,53.049,0.0132,0.0009
13.11.2023 06:36:35.851 GMT-0800,53.09100000000001,53.038999999999994,0.0132,0.0132
13.11.2023 06:36:35.984 GMT-0800,53.09100000000001,53.049,0.0132,0.0132
13.11.2023 06:36:36.136 GMT-0800,53.092,53.038000000000004,0.0132,0.0132
13.11.2023 06:36:36.599 GMT-0800,53.09100000000001,53.049,0.0132,0.0009
13.11.2023 06:36:36.700 GMT-0800,53.092,53.038000000000004,0.0132,0.0132
13.11.2023 06:36:37.293 GMT-0800,53.062,53.038000000000004,0.0132,0.0132
13.11.2023 06:36:37.344 GMT-0800,53.071000000000005,53.038999999999994,0.0132,0.0132
13.11.2023 06:36:37.807 GMT-0800,53.062,53.038000000000004,0.0009,0.009
13.11.2023 06:36:37.857 GMT-0800,53.062,53.018,0.0132,0.0132
13.11.2023 06:36:38.201 GMT-0800,53.051,53.019,0.0009,0.0132
13.11.2023 06:36:38.252 GMT-0800,53.052,52.998000000000005,0.0132,0.0132
13.11.2023 06:36:38.598 GMT-0800,53.052,53.018,0.009,0.0009
13.11.2023 06:36:38.649 GMT-0800,53.071000000000005,53.019,0.0132,0.0132
13.11.2023 06:36:40.018 GMT-0800,53.072,53.028000000000006,0.0132,0.0009
13.11.2023 06:36:40.120 GMT-0800,53.081,53.038999999999994,0.0132,0.0132
13.11.2023 06:36:40.295 GMT-0800,53.09100000000001,53.049,0.0132,0.0132
13.11.2023 06:36:40.844 GMT-0800,53.09100000000001,53.038999999999994,0.0132,0.0132
13.11.2023 06:36:40.895 GMT-0800,53.092,53.048,0.0132,0.0132
13.11.2023 06:36:41.016 GMT-0800,53.092,53.038000000000004,0.0132,0.0132
13.11.2023 06:36:41.067 GMT-0800,53.092,53.048,0.0132,0.0132
13.11.2023 06:36:41.249 GMT-0800,53.072,53.058,0.0009,0.0009
13.11.2023 06:36:41.300 GMT-0800,53.092,53.058,0.0132,0.0132
13.11.2023 06:36:41.438 GMT-0800,53.09100000000001,53.038999999999994,0.0132,0.0132
13.11.2023 06:36:41.960 GMT-0800,53.09100000000001,53.068999999999996,0.009,0.0009
13.11.2023 06:36:42.061 GMT-0800,53.092,53.058,0.0132,0.0132
13.11.2023 06:36:42.278 GMT-0800,53.082,53.058,0.0009,0.009
13.11.2023 06:36:42.329 GMT-0800,53.071000000000005,53.038999999999994,0.0132,0.0132
13.11.2023 06:36:42.514 GMT-0800,53.072,53.058,0.009,0.0009
13.11.2023 06:36:42.565 GMT-0800,53.081,53.059,0.0009,0.0132
13.11.2023 06:36:42.876 GMT-0800,53.09100000000001,53.059,0.0132,0.0132
13.11.2023 06:36:42.984 GMT-0800,53.082,53.058,0.0009,0.0132
13.11.2023 06:36:43.137 GMT-0800,53.09100000000001,53.059,0.0132,0.0132
13.11.2023 06:36:43.188 GMT-0800,53.082,53.058,0.0132,0.0132
13.11.2023 06:36:43.289 GMT-0800,53.09100000000001,53.059,0.0132,0.0132
13.11.2023 06:36:43.340 GMT-0800,53.102,53.058,0.0132,0.0132
13.11.2023 06:36:43.390 GMT-0800,53.082,53.058,0.0132,0.0132
13.11.2023 06:36:43.441 GMT-0800,53.092,53.058,0.0132,0.0132
13.11.2023 06:36:43.644 GMT-0800,53.112,53.058,0.0132,0.0132
13.11.2023 06:36:43.694 GMT-0800,53.102,53.058,0.0132,0.0132
13.11.2023 06:36:43.984 GMT-0800,53.122,53.078,0.0132,0.0132
13.11.2023 06:36:44.283 GMT-0800,53.112,53.068000000000005,0.0132,0.0132
13.11.2023 06:36:44.334 GMT-0800,53.111000000000004,53.059,0.0132,0.0132
13.11.2023 06:36:44.536 GMT-0800,53.112,53.068000000000005,0.0132,0.0009
13.11.2023 06:36:44.587 GMT-0800,53.111000000000004,53.059,0.0132,0.0132
13.11.2023 06:36:44.738 GMT-0800,53.111000000000004,53.079,0.0132,0.0132
13.11.2023 06:36:44.789 GMT-0800,53.102,53.058,0.0132,0.0132
13.11.2023 06:36:44.840 GMT-0800,53.102,53.068000000000005,0.0132,0.0009
13.11.2023 06:36:44.941 GMT-0800,53.111000000000004,53.068999999999996,0.0132,0.0132
13.11.2023 06:36:45.043 GMT-0800,53.092,53.068000000000005,0.009,0.0009
13.11.2023 06:36:45.093 GMT-0800,53.111000000000004,53.059,0.0132,0.0132
13.11.2023 06:36:45.144 GMT-0800,53.092,53.058,0.0009,0.0132
13.11.2023 06:36:45.245 GMT-0800,53.071000000000005,53.059,0.0009,0.009
13.11.2023 06:36:45.296 GMT-0800,53.092,53.058,0.0132,0.009
13.11.2023 06:36:45.448 GMT-0800,53.072,53.058,0.0009,0.009
13.11.2023 06:36:45.515 GMT-0800,53.072,53.038000000000004,0.0132,0.0132
13.11.2023 06:36:45.734 GMT-0800,53.092,53.038000000000004,0.0132,0.0132
13.11.2023 06:36:46.225 GMT-0800,53.09100000000001,53.049,0.0132,0.0009
13.11.2023 06:36:46.389 GMT-0800,53.092,53.038000000000004,0.0132,0.0132
13.11.2023 06:36:47.707 GMT-0800,53.112,53.068000000000005,0.0132,0.0009
13.11.2023 06:36:47.758 GMT-0800,53.112,53.058,0.0132,0.0132
13.11.2023 06:36:47.899 GMT-0800,53.111000000000004,53.079,0.009,0.0009
13.11.2023 06:36:47.950 GMT-0800,53.121,53.079,0.0132,0.0132
13.11.2023 06:36:48.785 GMT-0800,53.111000000000004,53.079,0.0009,0.0132
13.11.2023 06:36:48.961 GMT-0800,53.122,53.078,0.0132,0.0132
13.11.2023 06:36:50.918 GMT-0800,53.122,53.098000000000006,0.0132,0.0009
13.11.2023 06:36:51.019 GMT-0800,53.122,53.078,0.0132,0.0132
13.11.2023 06:36:52.781 GMT-0800,53.111000000000004,53.079,0.0009,0.0132
13.11.2023 06:36:52.832 GMT-0800,53.121,53.079,0.0132,0.0132
13.11.2023 06:36:52.933 GMT-0800,53.132,53.098000000000006,0.0132,0.0132
13.11.2023 06:36:53.978 GMT-0800,53.132,53.078,0.0132,0.0132
13.11.2023 06:36:54.114 GMT-0800,53.122,53.078,0.0009,0.0132
13.11.2023 06:36:54.165 GMT-0800,53.13100000000001,53.079,0.0132,0.0132
13.11.2023 06:36:54.443 GMT-0800,53.151,53.079,0.0132,0.0132
13.11.2023 06:36:54.494 GMT-0800,53.121,53.079,0.0132,0.0132
13.11.2023 06:36:55.365 GMT-0800,53.122,53.098000000000006,0.009,0.0009
13.11.2023 06:36:55.416 GMT-0800,53.13100000000001,53.089,0.0132,0.0132
13.11.2023 06:36:55.533 GMT-0800,53.132,53.078,0.0132,0.0132
13.11.2023 06:36:55.975 GMT-0800,53.111000000000004,53.079,0.0009,0.0132
13.11.2023 06:36:56.026 GMT-0800,53.122,53.078,0.0132,0.0132
13.11.2023 06:36:56.077 GMT-0800,53.151,53.079,0.0132,0.0132
13.11.2023 06:36:56.158 GMT-0800,53.121,53.079,0.0009,0.0132
13.11.2023 06:36:56.462 GMT-0800,53.132,53.078,0.0132,0.0132
13.11.2023 06:36:56.513 GMT-0800,53.111000000000004,53.079,0.0132,0.0132
13.11.2023 06:36:56.743 GMT-0800,53.132,53.118,0.0009,0.0132
13.11.2023 06:36:56.794 GMT-0800,53.152,53.118,0.0132,0.0132
13.11.2023 06:36:56.895 GMT-0800,53.141999999999996,53.098000000000006,0.0132,0.0132
13.11.2023 06:36:56.946 GMT-0800,53.141999999999996,53.088,0.0132,0.0132
13.11.2023 06:36:56.997 GMT-0800,53.132,53.088,0.009,0.0132
13.11.2023 06:36:57.047 GMT-0800,53.141000000000005,53.089,0.0132,0.009
13.11.2023 06:36:57.098 GMT-0800,53.141000000000005,53.068999999999996,0.0132,0.0132
13.11.2023 06:36:57.452 GMT-0800,53.132,53.068000000000005,0.0009,0.0132
13.11.2023 06:36:57.554 GMT-0800,53.122,53.068000000000005,0.0132,0.0132
13.11.2023 06:36:57.604 GMT-0800,53.151,53.068999999999996,0.0132,0.0132
13.11.2023 06:36:57.655 GMT-0800,53.122,53.068000000000005,0.0132,0.0132
13.11.2023 06:36:57.706 GMT-0800,53.13100000000001,53.068999999999996,0.0132,0.0132
13.11.2023 06:36:57.827 GMT-0800,53.121,53.068999999999996,0.0009,0.0132
13.11.2023 06:36:57.928 GMT-0800,53.13100000000001,53.068999999999996,0.0132,0.0132
13.11.2023 06:36:58.268 GMT-0800,53.141999999999996,53.068000000000005,0.0132,0.0132
13.11.2023 06:36:58.332 GMT-0800,53.132,53.068000000000005,0.0009,0.0132
13.11.2023 06:36:58.661 GMT-0800,53.141000000000005,53.068999999999996,0.0132,0.0132
13.11.2023 06:36:58.766 GMT-0800,53.132,53.068000000000005,0.009,0.0132
13.11.2023 06:36:58.818 GMT-0800,53.141999999999996,53.068000000000005,0.0132,0.0132
13.11.2023 06:36:59.066 GMT-0800,53.132,53.068000000000005,0.0009,0.0132
13.11.2023 06:36:59.117 GMT-0800,53.141999999999996,53.068000000000005,0.0132,0.0132
13.11.2023 06:36:59.218 GMT-0800,53.13100000000001,53.068999999999996,0.0009,0.0132
13.11.2023 06:36:59.323 GMT-0800,53.141000000000005,53.068999999999996,0.0132,0.0132
13.11.2023 06:36:59.757 GMT-0800,53.132,53.068000000000005,0.0009,0.0132
13.11.2023 06:36:59.808 GMT-0800,53.141999999999996,53.068000000000005,0.0132,0.0132
13.11.2023 06:37:00.074 GMT-0800,53.132,53.068000000000005,0.0009,0.0132
13.11.2023 06:37:00.175 GMT-0800,53.122,53.068000000000005,0.0009,0.0132
13.11.2023 06:37:00.428 GMT-0800,53.132,53.068000000000005,0.0132,0.0132
13.11.2023 06:37:00.478 GMT-0800,53.122,53.068000000000005,0.0132,0.0132
13.11.2023 06:37:00.762 GMT-0800,53.111000000000004,53.079,0.0132,0.0132
13.11.2023 06:37:00.813 GMT-0800,53.112,53.058,0.0132,0.0132
13.11.2023 06:37:01.018 GMT-0800,53.13100000000001,53.059,0.0132,0.0132
13.11.2023 06:37:02.818 GMT-0800,53.132,53.098000000000006,0.0132,0.0009
13.11.2023 06:37:02.874 GMT-0800,53.121,53.059,0.0009,0.0132
13.11.2023 06:37:02.975 GMT-0800,53.132,53.058,0.0132,0.0132
13.11.2023 06:37:03.498 GMT-0800,53.13100000000001,53.068999999999996,0.0132,0.0009
13.11.2023 06:37:03.599 GMT-0800,53.13100000000001,53.089,0.0132,0.0132
13.11.2023 06:37:04.200 GMT-0800,53.132,53.068000000000005,0.0132,0.0132
13.11.2023 06:37:04.646 GMT-0800,53.132,53.088,0.0132,0.0009
13.11.2023 06:37:04.859 GMT-0800,53.132,53.098000000000006,0.0132,0.0009
13.11.2023 06:37:05.449 GMT-0800,53.13100000000001,53.089,0.0132,0.0132
13.11.2023 06:37:05.796 GMT-0800,53.13100000000001,53.108999999999995,0.0132,0.0009
13.11.2023 06:37:06.263 GMT-0800,53.13100000000001,53.089,0.0132,0.0132
13.11.2023 06:37:08.170 GMT-0800,53.13100000000001,53.108999999999995,0.0132,0.0009
13.11.2023 06:37:09.615 GMT-0800,53.132,53.118,0.009,0.0009
13.11.2023 06:37:09.667 GMT-0800,53.152,53.108000000000004,0.0132,0.0132
13.11.2023 06:37:10.791 GMT-0800,53.151,53.119,0.0132,0.0132
13.11.2023 06:37:10.841 GMT-0800,53.151,53.108999999999995,0.0132,0.0132
13.11.2023 06:37:10.892 GMT-0800,53.152,53.118,0.0132,0.0009
13.11.2023 06:37:11.447 GMT-0800,53.151,53.108999999999995,0.0132,0.0132
13.11.2023 06:37:12.902 GMT-0800,53.141999999999996,53.108000000000004,0.0009,0.0132
13.11.2023 06:37:13.006 GMT-0800,53.152,53.118,0.0132,0.0132
13.11.2023 06:37:13.635 GMT-0800,53.151,53.108999999999995,0.0132,0.0132
13.11.2023 06:37:14.008 GMT-0800,53.152,53.128,0.0132,0.009
13.11.2023 06:37:14.059 GMT-0800,53.151,53.108999999999995,0.0132,0.0132
13.11.2023 06:37:14.410 GMT-0800,53.151,53.119,0.0132,0.0009
13.11.2023 06:37:14.460 GMT-0800,53.151,53.108999999999995,0.0132,0.0132
13.11.2023 06:37:14.511 GMT-0800,53.152,53.118,0.0132,0.0132
13.11.2023 06:37:14.612 GMT-0800,53.152,53.128,0.0132,0.009
13.11.2023 06:37:14.663 GMT-0800,53.152,53.118,0.0132,0.0132
13.11.2023 06:37:14.748 GMT-0800,53.151,53.129,0.0132,0.0009
13.11.2023 06:37:14.800 GMT-0800,53.152,53.118,0.0132,0.0132
13.11.2023 06:37:14.901 GMT-0800,53.151,53.129,0.0132,0.0009
13.11.2023 06:37:15.391 GMT-0800,53.152,53.108000000000004,0.0132,0.0132
13.11.2023 06:37:15.501 GMT-0800,53.141000000000005,53.108999999999995,0.0009,0.0132
13.11.2023 06:37:15.671 GMT-0800,53.152,53.108000000000004,0.0132,0.0132
13.11.2023 06:37:15.809 GMT-0800,53.152,53.088,0.0132,0.0132
13.11.2023 06:37:15.867 GMT-0800,53.141000000000005,53.089,0.0009,0.0132
13.11.2023 06:37:16.816 GMT-0800,53.152,53.088,0.0132,0.0132
13.11.2023 06:37:16.911 GMT-0800,53.132,53.088,0.0009,0.0132
13.11.2023 06:37:17.156 GMT-0800,53.151,53.089,0.0132,0.0132
13.11.2023 06:37:17.207 GMT-0800,53.152,53.108000000000004,0.0132,0.0132
13.11.2023 06:37:17.525 GMT-0800,53.141000000000005,53.089,0.0132,0.0132
13.11.2023 06:37:17.576 GMT-0800,53.151,53.089,0.0132,0.0132
13.11.2023 06:37:17.627 GMT-0800,53.141000000000005,53.089,0.0009,0.0132
13.11.2023 06:37:17.731 GMT-0800,53.151,53.108999999999995,0.0132,0.0132
13.11.2023 06:37:17.933 GMT-0800,53.152,53.088,0.0132,0.0132
13.11.2023 06:37:18.216 GMT-0800,53.152,53.108000000000004,0.0132,0.0009
13.11.2023 06:37:19.738 GMT-0800,53.152,53.088,0.0132,0.0132
13.11.2023 06:37:20.456 GMT-0800,53.132,53.088,0.0009,0.0132
13.11.2023 06:37:21.009 GMT-0800,53.13100000000001,53.099,0.009,0.0009
13.11.2023 06:37:21.060 GMT-0800,53.152,53.108000000000004,0.0132,0.0009
13.11.2023 06:37:21.111 GMT-0800,53.152,53.098000000000006,0.0132,0.0132
13.11.2023 06:37:21.415 GMT-0800,53.141000000000005,53.099,0.0009,0.0132
13.11.2023 06:37:21.565 GMT-0800,53.13100000000001,53.099,0.0009,0.0132
13.11.2023 06:37:21.616 GMT-0800,53.141000000000005,53.099,0.0132,0.0132
13.11.2023 06:37:21.684 GMT-0800,53.132,53.098000000000006,0.0009,0.0132
13.11.2023 06:37:21.786 GMT-0800,53.13100000000001,53.108999999999995,0.009,0.0009
13.11.2023 06:37:21.836 GMT-0800,53.141999999999996,53.108000000000004,0.0132,0.0132
13.11.2023 06:37:21.887 GMT-0800,53.13100000000001,53.099,0.0132,0.0132
13.11.2023 06:37:21.989 GMT-0800,53.132,53.068000000000005,0.0132,0.0132
13.11.2023 06:37:22.039 GMT-0800,53.112,53.068000000000005,0.0132,0.0132
13.11.2023 06:37:22.153 GMT-0800,53.101000000000006,53.059,0.0009,0.0132
13.11.2023 06:37:22.203 GMT-0800,53.112,53.058,0.0132,0.0132
13.11.2023 06:37:22.304 GMT-0800,53.101000000000006,53.059,0.0132,0.0132
13.11.2023 06:37:22.407 GMT-0800,53.111000000000004,53.068999999999996,0.009,0.0009
13.11.2023 06:37:22.457 GMT-0800,53.121,53.068999999999996,0.0132,0.0132
13.11.2023 06:37:22.508 GMT-0800,53.112,53.068000000000005,0.0009,0.0132
13.11.2023 06:37:22.560 GMT-0800,53.121,53.068999999999996,0.0132,0.0132
13.11.2023 06:37:22.661 GMT-0800,53.111000000000004,53.068999999999996,0.0132,0.0132
13.11.2023 06:37:22.712 GMT-0800,53.111000000000004,53.059,0.0132,0.0132
13.11.2023 06:37:22.838 GMT-0800,53.122,53.058,0.0132,0.0132
13.11.2023 06:37:22.888 GMT-0800,53.13100000000001,53.089,0.0132,0.0132
13.11.2023 06:37:22.991 GMT-0800,53.132,53.068000000000005,0.0132,0.0132
13.11.2023 06:37:23.100 GMT-0800,53.101000000000006,53.068999999999996,0.0009,0.009
13.11.2023 06:37:23.151 GMT-0800,53.101000000000006,53.059,0.0132,0.0132
13.11.2023 06:37:23.202 GMT-0800,53.111000000000004,53.059,0.0132,0.0132
13.11.2023 06:37:23.600 GMT-0800,53.111000000000004,53.068999999999996,0.0132,0.0009
13.11.2023 06:37:23.771 GMT-0800,53.111000000000004,53.059,0.0132,0.0132
13.11.2023 06:37:23.930 GMT-0800,53.082,53.058,0.0009,0.0132
13.11.2023 06:37:23.981 GMT-0800,53.112,53.058,0.0132,0.0132
13.11.2023 06:37:25.467 GMT-0800,53.112,53.068000000000005,0.0132,0.0009
13.11.2023 06:37:26.119 GMT-0800,53.112,53.058,0.0132,0.0132
13.11.2023 06:37:26.170 GMT-0800,53.112,53.078,0.009,0.0009
13.11.2023 06:37:26.221 GMT-0800,53.13100000000001,53.079,0.0132,0.0132
13.11.2023 06:37:26.520 GMT-0800,53.13100000000001,53.059,0.0132,0.0132
13.11.2023 06:37:26.726 GMT-0800,53.111000000000004,53.059,0.0009,0.0132
13.11.2023 06:37:28.081 GMT-0800,53.081,53.038999999999994,0.0132,0.0132
13.11.2023 06:37:28.132 GMT-0800,53.09100000000001,53.028999999999996,0.0132,0.0132
13.11.2023 06:37:28.208 GMT-0800,53.092,53.048,0.0132,0.0009
13.11.2023 06:37:28.259 GMT-0800,53.09100000000001,53.028999999999996,0.0132,0.0132
13.11.2023 06:37:29.144 GMT-0800,53.071000000000005,53.028999999999996,0.0132,0.0132
13.11.2023 06:37:29.247 GMT-0800,53.082,53.038000000000004,0.0132,0.0132
13.11.2023 06:37:29.365 GMT-0800,53.051,53.028999999999996,0.0009,0.0132
13.11.2023 06:37:29.416 GMT-0800,53.052,53.008,0.0132,0.0132
13.11.2023 06:37:29.633 GMT-0800,53.052,53.028000000000006,0.009,0.0009
13.11.2023 06:37:29.684 GMT-0800,53.06100000000001,53.028999999999996,0.0132,0.0132
13.11.2023 06:37:29.759 GMT-0800,53.051,53.028999999999996,0.0009,0.009
13.11.2023 06:37:29.810 GMT-0800,53.052,53.008,0.0132,0.0132
13.11.2023 06:37:29.910 GMT-0800,53.06100000000001,53.009,0.0132,0.0132
13.11.2023 06:37:30.391 GMT-0800,53.051,53.009,0.0009,0.0132
13.11.2023 06:37:30.442 GMT-0800,53.06100000000001,53.009,0.0132,0.0132
13.11.2023 06:37:30.932 GMT-0800,53.062,53.028000000000006,0.0132,0.0132
13.11.2023 06:37:31.034 GMT-0800,53.06100000000001,53.009,0.0132,0.0132
13.11.2023 06:37:31.085 GMT-0800,53.051,53.009,0.0009,0.0132
13.11.2023 06:37:31.136 GMT-0800,53.062,53.008,0.0132,0.0132
13.11.2023 06:37:31.639 GMT-0800,53.051,53.009,0.0009,0.0132
13.11.2023 06:37:31.797 GMT-0800,53.06100000000001,53.019,0.0132,0.0132
13.11.2023 06:37:33.710 GMT-0800,53.062,53.038000000000004,0.0132,0.0009
13.11.2023 06:37:34.244 GMT-0800,53.062,53.018,0.0132,0.0132
13.11.2023 06:37:35.443 GMT-0800,53.062,53.028000000000006,0.0132,0.0009
13.11.2023 06:37:35.595 GMT-0800,53.062,53.018,0.0132,0.0132
13.11.2023 06:37:35.831 GMT-0800,53.052,53.018,0.0009,0.0132
13.11.2023 06:37:35.882 GMT-0800,53.06100000000001,53.019,0.0132,0.0132
13.11.2023 06:37:36.490 GMT-0800,53.062,53.038000000000004,0.0132,0.0009
13.11.2023 06:37:36.541 GMT-0800,53.062,53.028000000000006,0.0132,0.0132
13.11.2023 06:37:36.642 GMT-0800,53.062,53.038000000000004,0.0132,0.0132
13.11.2023 06:37:37.919 GMT-0800,53.052,53.028000000000006,0.0132,0.009
13.11.2023 06:37:37.969 GMT-0800,53.051,53.019,0.0132,0.0132
13.11.2023 06:37:38.443 GMT-0800,53.051,53.028999999999996,0.0132,0.0009
13.11.2023 06:37:39.012 GMT-0800,53.052,53.018,0.0132,0.0132
13.11.2023 06:37:41.270 GMT-0800,53.052,53.028000000000006,0.0132,0.0009
13.11.2023 06:37:41.456 GMT-0800,53.052,53.018,0.0132,0.0132
13.11.2023 06:37:41.737 GMT-0800,53.052,53.028000000000006,0.0132,0.0132
13.11.2023 06:37:41.883 GMT-0800,53.051,53.019,0.0132,0.0132
13.11.2023 06:37:42.290 GMT-0800,53.052,53.028000000000006,0.0132,0.0009
13.11.2023 06:37:42.863 GMT-0800,53.051,53.019,0.0132,0.0132
13.11.2023 06:37:43.303 GMT-0800,53.052,53.028000000000006,0.0132,0.0009
13.11.2023 06:37:43.611 GMT-0800,53.052,53.018,0.0132,0.0132
13.11.2023 06:37:44.704 GMT-0800,53.051,52.989,0.0132,0.0132
13.11.2023 06:37:44.754 GMT-0800,53.052,53.018,0.0132,0.0132
13.11.2023 06:37:45.395 GMT-0800,53.052,52.998000000000005,0.0132,0.0132
13.11.2023 06:37:45.504 GMT-0800,53.032,52.998000000000005,0.0009,0.0132
13.11.2023 06:37:45.827 GMT-0800,53.031000000000006,52.989,0.0132,0.0132
13.11.2023 06:37:46.722 GMT-0800,53.032,53.008,0.009,0.0009
13.11.2023 06:37:46.773 GMT-0800,53.062,53.008,0.009,0.0132
13.11.2023 06:37:46.824 GMT-0800,53.072,53.008,0.0132,0.0132
13.11.2023 06:37:47.150 GMT-0800,53.071000000000005,52.998999999999995,0.0132,0.0132
13.11.2023 06:37:48.334 GMT-0800,53.071000000000005,53.009,0.0132,0.0009
13.11.2023 06:37:48.384 GMT-0800,53.072,52.998000000000005,0.0132,0.0132
13.11.2023 06:37:48.811 GMT-0800,53.071000000000005,53.028999999999996,0.0132,0.0009
13.11.2023 06:37:50.810 GMT-0800,53.072,53.008,0.0132,0.0132
13.11.2023 06:37:51.122 GMT-0800,53.052,53.008,0.0009,0.0132
13.11.2023 06:37:51.173 GMT-0800,53.071000000000005,53.009,0.0132,0.0132
13.11.2023 06:37:53.372 GMT-0800,53.071000000000005,53.038999999999994,0.009,0.0009
13.11.2023 06:37:53.423 GMT-0800,53.082,53.038000000000004,0.0132,0.0132
13.11.2023 06:37:53.474 GMT-0800,53.081,53.059,0.0132,0.0132
13.11.2023 06:37:54.137 GMT-0800,53.082,53.038000000000004,0.0132,0.0132
13.11.2023 06:37:54.826 GMT-0800,53.081,53.028999999999996,0.0132,0.0132
13.11.2023 06:37:57.328 GMT-0800,53.082,53.058,0.0132,0.0009
13.11.2023 06:37:57.987 GMT-0800,53.082,53.038000000000004,0.0132,0.0132
13.11.2023 06:37:58.602 GMT-0800,53.082,53.048,0.0132,0.0009
13.11.2023 06:37:58.653 GMT-0800,53.082,53.038000000000004,0.0132,0.0132
13.11.2023 06:37:58.754 GMT-0800,53.082,53.048,0.0132,0.0009
13.11.2023 06:37:59.014 GMT-0800,53.082,53.058,0.0132,0.009
13.11.2023 06:37:59.065 GMT-0800,53.082,53.038000000000004,0.0132,0.0132
13.11.2023 06:37:59.248 GMT-0800,53.082,53.048,0.0132,0.0009
13.11.2023 06:37:59.397 GMT-0800,53.081,53.059,0.0132,0.0009
13.11.2023 06:37:59.783 GMT-0800,53.111000000000004,53.068999999999996,0.0132,0.0132
13.11.2023 06:38:00.114 GMT-0800,53.112,53.078,0.0132,0.009
13.11.2023 06:38:00.215 GMT-0800,53.111000000000004,53.068999999999996,0.0132,0.0132
13.11.2023 06:38:00.266 GMT-0800,53.112,53.078,0.0132,0.0132
13.11.2023 06:38:00.316 GMT-0800,53.112,53.068000000000005,0.0132,0.0132
13.11.2023 06:38:00.367 GMT-0800,53.111000000000004,53.079,0.0132,0.0132
13.11.2023 06:38:00.418 GMT-0800,53.111000000000004,53.068999999999996,0.0132,0.0132
13.11.2023 06:38:00.628 GMT-0800,53.112,53.078,0.0132,0.0009
13.11.2023 06:38:00.730 GMT-0800,53.111000000000004,53.068999999999996,0.0132,0.0132
13.11.2023 06:38:00.874 GMT-0800,53.112,53.078,0.0132,0.0009
13.11.2023 06:38:01.130 GMT-0800,53.111000000000004,53.068999999999996,0.0132,0.0132
13.11.2023 06:38:01.180 GMT-0800,53.111000000000004,53.079,0.0132,0.0132
13.11.2023 06:38:01.316 GMT-0800,53.111000000000004,53.068999999999996,0.0132,0.0132
13.11.2023 06:38:01.822 GMT-0800,53.112,53.078,0.0132,0.0009
13.11.2023 06:38:03.023 GMT-0800,53.102,53.078,0.0009,0.009
13.11.2023 06:38:03.225 GMT-0800,53.102,53.068000000000005,0.0132,0.0132
13.11.2023 06:38:03.276 GMT-0800,53.112,53.078,0.0132,0.0132
13.11.2023 06:38:03.491 GMT-0800,53.112,53.088,0.009,0.0009
13.11.2023 06:38:03.542 GMT-0800,53.132,53.088,0.0132,0.0132
13.11.2023 06:38:03.659 GMT-0800,53.132,53.078,0.0132,0.0132
13.11.2023 06:38:03.710 GMT-0800,53.13100000000001,53.089,0.0132,0.0132
13.11.2023 06:38:04.262 GMT-0800,53.122,53.088,0.0009,0.0132
13.11.2023 06:38:04.313 GMT-0800,53.13100000000001,53.089,0.0132,0.0132
13.11.2023 06:38:04.723 GMT-0800,53.132,53.078,0.0132,0.0132
13.11.2023 06:38:04.875 GMT-0800,53.141999999999996,53.098000000000006,0.0132,0.0132
13.11.2023 06:38:04.976 GMT-0800,53.121,53.108999999999995,0.009,0.0009
13.11.2023 06:38:05.027 GMT-0800,53.141000000000005,53.108999999999995,0.0132,0.0132
13.11.2023 06:38:05.128 GMT-0800,53.151,53.119,0.0132,0.0132
13.11.2023 06:38:05.235 GMT-0800,53.152,53.128,0.0132,0.0132
13.11.2023 06:38:05.566 GMT-0800,53.152,53.138000000000005,0.0132,0.009
13.11.2023 06:38:05.717 GMT-0800,53.151,53.129,0.0132,0.0132
13.11.2023 06:38:05.768 GMT-0800,53.141000000000005,53.119,0.009,0.0132
13.11.2023 06:38:06.044 GMT-0800,53.141999999999996,53.108000000000004,0.0132,0.0132
13.11.2023 06:38:08.453 GMT-0800,53.141999999999996,53.098000000000006,0.0132,0.0132
13.11.2023 06:38:08.566 GMT-0800,53.132,53.098000000000006,0.0009,0.0132
13.11.2023 06:38:08.721 GMT-0800,53.13100000000001,53.108999999999995,0.0132,0.0009
13.11.2023 06:38:08.822 GMT-0800,53.13100000000001,53.099,0.0132,0.0132
13.11.2023 06:38:09.432 GMT-0800,53.13100000000001,53.079,0.0132,0.0132
13.11.2023 06:38:09.505 GMT-0800,53.111000000000004,53.079,0.0009,0.0132
13.11.2023 06:38:09.632 GMT-0800,53.122,53.098000000000006,0.0132,0.009
13.11.2023 06:38:09.682 GMT-0800,53.122,53.088,0.0132,0.0132
13.11.2023 06:38:09.733 GMT-0800,53.111000000000004,53.089,0.0132,0.0009
13.11.2023 06:38:10.151 GMT-0800,53.111000000000004,53.108999999999995,0.009,0.0009
13.11.2023 06:38:10.202 GMT-0800,53.13100000000001,53.099,0.0132,0.0132
13.11.2023 06:38:10.253 GMT-0800,53.13100000000001,53.108999999999995,0.0132,0.0132
13.11.2023 06:38:10.304 GMT-0800,53.132,53.098000000000006,0.0132,0.0132
13.11.2023 06:38:11.271 GMT-0800,53.13100000000001,53.108999999999995,0.0132,0.0009
13.11.2023 06:38:11.372 GMT-0800,53.141000000000005,53.108999999999995,0.0132,0.0132
13.11.2023 06:38:11.423 GMT-0800,53.13100000000001,53.099,0.0132,0.0132
13.11.2023 06:38:11.919 GMT-0800,53.13100000000001,53.108999999999995,0.009,0.0009
13.11.2023 06:38:12.020 GMT-0800,53.132,53.098000000000006,0.0132,0.0132
13.11.2023 06:38:13.300 GMT-0800,53.13100000000001,53.108999999999995,0.0132,0.0009
13.11.2023 06:38:13.351 GMT-0800,53.13100000000001,53.099,0.0132,0.0132
13.11.2023 06:38:13.402 GMT-0800,53.132,53.108000000000004,0.009,0.0009
13.11.2023 06:38:13.505 GMT-0800,53.141999999999996,53.108000000000004,0.0132,0.0132
13.11.2023 06:38:13.885 GMT-0800,53.141000000000005,53.099,0.0132,0.0132
13.11.2023 06:38:14.449 GMT-0800,53.13100000000001,53.099,0.0009,0.0132
13.11.2023 06:38:14.657 GMT-0800,53.132,53.108000000000004,0.0132,0.0009
13.11.2023 06:38:14.758 GMT-0800,53.141000000000005,53.108999999999995,0.0132,0.0132
13.11.2023 06:38:15.165 GMT-0800,53.141999999999996,53.118,0.009,0.0009
13.11.2023 06:38:15.216 GMT-0800,53.151,53.119,0.0132,0.0132
13.11.2023 06:38:15.634 GMT-0800,53.152,53.108000000000004,0.0132,0.0132
13.11.2023 06:38:17.463 GMT-0800,53.141000000000005,53.108999999999995,0.0132,0.0132
13.11.2023 06:38:17.721 GMT-0800,53.151,53.129,0.0132,0.0132
13.11.2023 06:38:17.771 GMT-0800,53.151,53.108999999999995,0.0132,0.0132
13.11.2023 06:38:17.822 GMT-0800,53.151,53.129,0.0132,0.0009
13.11.2023 06:38:17.931 GMT-0800,53.161,53.149,0.009,0.0132
13.11.2023 06:38:17.982 GMT-0800,53.17100000000001,53.149,0.0132,0.0132
13.11.2023 06:38:18.134 GMT-0800,53.191,53.149,0.0132,0.0132
13.11.2023 06:38:18.585 GMT-0800,53.17100000000001,53.149,0.0009,0.0132
13.11.2023 06:38:18.687 GMT-0800,53.192,53.148,0.0132,0.0132
13.11.2023 06:38:18.839 GMT-0800,53.172,53.158,0.0132,0.0132
13.11.2023 06:38:18.890 GMT-0800,53.191,53.149,0.0132,0.0132
13.11.2023 06:38:18.940 GMT-0800,53.192,53.158,0.0132,0.0132
13.11.2023 06:38:19.313 GMT-0800,53.182,53.158,0.0009,0.009
13.11.2023 06:38:19.414 GMT-0800,53.182,53.148,0.0132,0.0132
13.11.2023 06:38:19.610 GMT-0800,53.17100000000001,53.149,0.0009,0.0132
13.11.2023 06:38:19.661 GMT-0800,53.181000000000004,53.149,0.0132,0.0132
13.11.2023 06:38:19.768 GMT-0800,53.191,53.149,0.0132,0.0132
13.11.2023 06:38:19.944 GMT-0800,53.182,53.158,0.0009,0.0009
13.11.2023 06:38:19.994 GMT-0800,53.191,53.159,0.0132,0.0132
13.11.2023 06:38:20.146 GMT-0800,53.192,53.168000000000006,0.0132,0.0132
13.11.2023 06:38:20.378 GMT-0800,53.202,53.158,0.0132,0.0132
13.11.2023 06:38:20.702 GMT-0800,53.20100000000001,53.169,0.0132,0.0009
13.11.2023 06:38:21.657 GMT-0800,53.20100000000001,53.178999999999995,0.0132,0.0132
13.11.2023 06:38:22.566 GMT-0800,53.20100000000001,53.169,0.0132,0.0132
13.11.2023 06:38:22.992 GMT-0800,53.20100000000001,53.178999999999995,0.0132,0.0009
13.11.2023 06:38:23.448 GMT-0800,53.20100000000001,53.169,0.0132,0.0132
13.11.2023 06:38:23.881 GMT-0800,53.20100000000001,53.178999999999995,0.0132,0.0009
13.11.2023 06:38:24.372 GMT-0800,53.202,53.168000000000006,0.0132,0.0132
13.11.2023 06:38:24.444 GMT-0800,53.191,53.169,0.0009,0.0132
13.11.2023 06:38:24.494 GMT-0800,53.191,53.159,0.0132,0.0132
13.11.2023 06:38:24.833 GMT-0800,53.182,53.158,0.0009,0.009
13.11.2023 06:38:24.884 GMT-0800,53.182,53.148,0.0132,0.0132
13.11.2023 06:38:26.462 GMT-0800,53.182,53.158,0.0132,0.0009
13.11.2023 06:38:26.691 GMT-0800,53.191,53.169,0.0132,0.0132
13.11.2023 06:38:26.929 GMT-0800,53.202,53.188,0.009,0.0009
13.11.2023 06:38:26.980 GMT-0800,53.211000000000006,53.189,0.0132,0.0132
13.11.2023 06:38:27.293 GMT-0800,53.211000000000006,53.178999999999995,0.0132,0.0132
13.11.2023 06:38:27.914 GMT-0800,53.211000000000006,53.189,0.0132,0.0009
13.11.2023 06:38:28.138 GMT-0800,53.211000000000006,53.178999999999995,0.0132,0.0132
13.11.2023 06:38:28.290 GMT-0800,53.231,53.189,0.0132,0.0009
13.11.2023 06:38:29.010 GMT-0800,53.222,53.188,0.0009,0.0132
13.11.2023 06:38:29.168 GMT-0800,53.231,53.199,0.0132,0.0132
13.11.2023 06:38:29.909 GMT-0800,53.232,53.188,0.0132,0.0132
13.11.2023 06:38:30.001 GMT-0800,53.222,53.188,0.0009,0.0132
13.11.2023 06:38:30.203 GMT-0800,53.211000000000006,53.189,0.0009,0.0132
13.11.2023 06:38:30.395 GMT-0800,53.221000000000004,53.189,0.0132,0.0132
13.11.2023 06:38:30.446 GMT-0800,53.211000000000006,53.189,0.0132,0.0132
13.11.2023 06:38:30.591 GMT-0800,53.221000000000004,53.189,0.0132,0.0132
13.11.2023 06:38:30.847 GMT-0800,53.232,53.188,0.0132,0.0132
13.11.2023 06:38:31.105 GMT-0800,53.211000000000006,53.189,0.0009,0.009
13.11.2023 06:38:31.206 GMT-0800,53.20100000000001,53.178999999999995,0.0132,0.0132
13.11.2023 06:38:31.257 GMT-0800,53.20100000000001,53.169,0.0132,0.0132
13.11.2023 06:38:31.833 GMT-0800,53.191,53.169,0.0009,0.0132
13.11.2023 06:38:31.934 GMT-0800,53.202,53.168000000000006,0.0132,0.0132
13.11.2023 06:38:32.181 GMT-0800,53.191,53.169,0.0132,0.0132
13.11.2023 06:38:32.294 GMT-0800,53.181000000000004,53.169,0.0009,0.0132
13.11.2023 06:38:32.395 GMT-0800,53.182,53.158,0.0132,0.0132
13.11.2023 06:38:32.447 GMT-0800,53.182,53.168000000000006,0.0132,0.0009
13.11.2023 06:38:32.548 GMT-0800,53.191,53.159,0.0132,0.0132
13.11.2023 06:38:32.963 GMT-0800,53.191,53.169,0.009,0.0009
13.11.2023 06:38:33.014 GMT-0800,53.20100000000001,53.169,0.0132,0.0132
13.11.2023 06:38:35.063 GMT-0800,53.191,53.159,0.0132,0.0132
13.11.2023 06:38:35.115 GMT-0800,53.20100000000001,53.159,0.0132,0.0132
13.11.2023 06:38:35.231 GMT-0800,53.181000000000004,53.159,0.0009,0.009
13.11.2023 06:38:35.282 GMT-0800,53.182,53.138000000000005,0.0132,0.0132
13.11.2023 06:38:35.665 GMT-0800,53.181000000000004,53.169,0.009,0.0009
13.11.2023 06:38:35.716 GMT-0800,53.182,53.158,0.0009,0.009
13.11.2023 06:38:35.767 GMT-0800,53.181000000000004,53.138999999999996,0.0132,0.0132
13.11.2023 06:38:35.845 GMT-0800,53.182,53.158,0.009,0.0009
13.11.2023 06:38:35.896 GMT-0800,53.191,53.159,0.0132,0.0132
13.11.2023 06:38:35.947 GMT-0800,53.20100000000001,53.159,0.0132,0.0132
13.11.2023 06:38:36.181 GMT-0800,53.192,53.158,0.0009,0.0132
13.11.2023 06:38:36.333 GMT-0800,53.202,53.168000000000006,0.0132,0.0132
13.11.2023 06:38:36.434 GMT-0800,53.202,53.178000000000004,0.0132,0.0009
13.11.2023 06:38:36.485 GMT-0800,53.20100000000001,53.169,0.0132,0.0132
13.11.2023 06:38:36.717 GMT-0800,53.20100000000001,53.178999999999995,0.0132,0.0009
13.11.2023 06:38:36.768 GMT-0800,53.202,53.168000000000006,0.0132,0.0132
13.11.2023 06:38:36.819 GMT-0800,53.202,53.178000000000004,0.009,0.0132
13.11.2023 06:38:37.022 GMT-0800,53.222,53.188,0.0132,0.0132
13.11.2023 06:38:37.186 GMT-0800,53.211000000000006,53.189,0.0009,0.009
13.11.2023 06:38:37.237 GMT-0800,53.211000000000006,53.178999999999995,0.0132,0.0132
13.11.2023 06:38:37.373 GMT-0800,53.211999999999996,53.188,0.009,0.0009
13.11.2023 06:38:37.424 GMT-0800,53.211999999999996,53.178000000000004,0.0132,0.0132
13.11.2023 06:38:37.475 GMT-0800,53.221000000000004,53.189,0.0132,0.009
13.11.2023 06:38:37.526 GMT-0800,53.222,53.178000000000004,0.0132,0.0132
13.11.2023 06:38:37.615 GMT-0800,53.211000000000006,53.178999999999995,0.0009,0.0132
13.11.2023 06:38:37.766 GMT-0800,53.211000000000006,53.189,0.0132,0.0132
13.11.2023 06:38:37.892 GMT-0800,53.221000000000004,53.189,0.0132,0.0132
13.11.2023 06:38:38.433 GMT-0800,53.211000000000006,53.189,0.0009,0.0132
13.11.2023 06:38:38.535 GMT-0800,53.222,53.188,0.0132,0.0132
13.11.2023 06:38:38.844 GMT-0800,53.232,53.188,0.0132,0.0132
13.11.2023 06:38:39.061 GMT-0800,53.211000000000006,53.189,0.0132,0.0132
13.11.2023 06:38:39.511 GMT-0800,53.232,53.188,0.0132,0.0132
13.11.2023 06:38:40.165 GMT-0800,53.231,53.199,0.0132,0.0009
13.11.2023 06:38:40.368 GMT-0800,53.221000000000004,53.199,0.009,0.0132
13.11.2023 06:38:40.418 GMT-0800,53.231,53.199,0.0132,0.0132
13.11.2023 06:38:41.058 GMT-0800,53.221000000000004,53.199,0.0132,0.0132
13.11.2023 06:38:41.160 GMT-0800,53.231,53.199,0.0132,0.0132
13.11.2023 06:38:41.211 GMT-0800,53.222,53.198,0.0009,0.0132
13.11.2023 06:38:41.429 GMT-0800,53.221000000000004,53.189,0.0132,0.0132
13.11.2023 06:38:42.097 GMT-0800,53.221000000000004,53.199,0.0132,0.0009
13.11.2023 06:38:42.541 GMT-0800,53.211999999999996,53.188,0.0132,0.0132
13.11.2023 06:38:42.715 GMT-0800,53.211999999999996,53.178000000000004,0.0132,0.0132
13.11.2023 06:38:42.793 GMT-0800,53.211000000000006,53.189,0.0132,0.0009
13.11.2023 06:38:42.844 GMT-0800,53.222,53.188,0.0132,0.0132
13.11.2023 06:38:42.913 GMT-0800,53.221000000000004,53.199,0.0132,0.0009
13.11.2023 06:38:43.015 GMT-0800,53.231,53.199,0.0132,0.0132
