Local time,Ask,Bid,AskVolume,BidVolume
13.11.2023 06:30:02.917 GMT-0800,22.814,22.676,0.0132,0.0132
13.11.2023 06:30:03.006 GMT-0800,22.763,22.677,0.0009,0.0132
13.11.2023 06:30:06.383 GMT-0800,22.744,22.676,0.0009,0.0132
13.11.2023 06:30:06.434 GMT-0800,22.764000000000003,22.676,0.0132,0.0132
13.11.2023 06:30:06.903 GMT-0800,22.713,22.677,0.0009,0.009
13.11.2023 06:30:06.954 GMT-0800,22.763,22.677,0.0132,0.0112
13.11.2023 06:30:08.482 GMT-0800,22.764000000000003,22.695999999999998,0.009,0.0112
13.11.2023 06:30:08.532 GMT-0800,22.814,22.746,0.0132,0.0132
13.11.2023 06:30:09.012 GMT-0800,22.823000000000004,22.747,0.0132,0.0132
13.11.2023 06:30:11.782 GMT-0800,22.814,22.746,0.0009,0.009
13.11.2023 06:30:11.884 GMT-0800,22.783,22.717,0.0132,0.0132
13.11.2023 06:30:13.155 GMT-0800,22.863000000000003,22.727,0.0132,0.0132
13.11.2023 06:30:13.276 GMT-0800,22.863000000000003,22.717,0.0132,0.0132
13.11.2023 06:30:14.581 GMT-0800,22.863000000000003,22.717,0.0132,0.0112
13.11.2023 06:30:15.631 GMT-0800,22.863000000000003,22.767,0.0132,0.0112
13.11.2023 06:30:21.172 GMT-0800,22.863000000000003,22.767,0.0132,0.0132
13.11.2023 06:30:21.275 GMT-0800,22.863000000000003,22.767,0.0132,0.0112
13.11.2023 06:30:25.876 GMT-0800,22.863000000000003,22.817,0.0132,0.0112
13.11.2023 06:30:26.142 GMT-0800,22.853,22.845,0.0009,0.009
13.11.2023 06:30:26.193 GMT-0800,22.863000000000003,22.837,0.0132,0.0132
13.11.2023 06:30:28.647 GMT-0800,22.863000000000003,22.837,0.009,0.0112
13.11.2023 06:30:28.698 GMT-0800,22.893,22.846999999999998,0.0132,0.0132
13.11.2023 06:30:39.082 GMT-0800,22.873,22.846999999999998,0.0009,0.0132
13.11.2023 06:30:39.133 GMT-0800,22.894000000000002,22.716,0.0132,0.0132
13.11.2023 06:30:39.184 GMT-0800,22.894000000000002,22.736,0.0132,0.0132
13.11.2023 06:30:39.933 GMT-0800,22.893,22.737,0.0132,0.0112
13.11.2023 06:30:40.034 GMT-0800,22.854000000000003,22.736,0.0132,0.0132
13.11.2023 06:30:40.135 GMT-0800,22.893,22.737,0.0132,0.0132
13.11.2023 06:30:40.616 GMT-0800,22.874000000000002,22.736,0.0009,0.0112
13.11.2023 06:30:40.667 GMT-0800,22.893,22.747,0.0132,0.009
13.11.2023 06:30:41.903 GMT-0800,22.894000000000002,22.736,0.0132,0.0132
13.11.2023 06:30:42.484 GMT-0800,22.893,22.737,0.0132,0.0112
13.11.2023 06:30:42.721 GMT-0800,22.893,22.737,0.0132,0.0132
13.11.2023 06:30:43.864 GMT-0800,22.894000000000002,22.736,0.0132,0.0112
13.11.2023 06:30:43.972 GMT-0800,22.893,22.737,0.0132,0.0132
13.11.2023 06:30:47.013 GMT-0800,22.894000000000002,22.736,0.0132,0.0112
13.11.2023 06:30:47.114 GMT-0800,22.893,22.737,0.0132,0.0132
13.11.2023 06:30:50.664 GMT-0800,22.893,22.737,0.0132,0.0112
13.11.2023 06:30:50.920 GMT-0800,22.893,22.737,0.0132,0.0132
13.11.2023 06:30:58.727 GMT-0800,22.894000000000002,22.736,0.0132,0.0112
13.11.2023 06:30:58.894 GMT-0800,22.893,22.737,0.0132,0.0132
13.11.2023 06:31:01.133 GMT-0800,22.893,22.737,0.0132,0.0112
13.11.2023 06:31:01.185 GMT-0800,22.893,22.737,0.0132,0.0112
13.11.2023 06:31:02.146 GMT-0800,22.893,22.776999999999997,0.0132,0.0112
13.11.2023 06:31:03.089 GMT-0800,22.894000000000002,22.785999999999998,0.0132,0.0112
13.11.2023 06:31:04.645 GMT-0800,22.893,22.796999999999997,0.0132,0.0112
13.11.2023 06:31:04.746 GMT-0800,22.873,22.787,0.0132,0.0132
13.11.2023 06:31:06.868 GMT-0800,22.864,22.776,0.0132,0.0132
13.11.2023 06:31:06.980 GMT-0800,22.863000000000003,22.817,0.0132,0.0132
13.11.2023 06:31:07.152 GMT-0800,22.894000000000002,22.816,0.0132,0.0132
13.11.2023 06:31:10.748 GMT-0800,22.884,22.816,0.0009,0.0112
13.11.2023 06:31:10.850 GMT-0800,22.864,22.826,0.0132,0.0132
13.11.2023 06:31:10.978 GMT-0800,22.894000000000002,22.826,0.0132,0.0132
13.11.2023 06:31:15.541 GMT-0800,22.884,22.826,0.0009,0.0132
13.11.2023 06:31:16.591 GMT-0800,22.894000000000002,22.826,0.0132,0.0132
13.11.2023 06:31:16.904 GMT-0800,22.883000000000003,22.826999999999998,0.0009,0.0132
13.11.2023 06:31:17.280 GMT-0800,22.893,22.826999999999998,0.0132,0.0132
13.11.2023 06:31:20.138 GMT-0800,22.864,22.826,0.0009,0.0132
13.11.2023 06:31:20.289 GMT-0800,22.894000000000002,22.826,0.0132,0.0132
13.11.2023 06:31:23.566 GMT-0800,22.863000000000003,22.826999999999998,0.0009,0.009
13.11.2023 06:31:23.617 GMT-0800,22.894000000000002,22.816,0.0132,0.0132
13.11.2023 06:31:23.718 GMT-0800,22.883000000000003,22.717,0.0009,0.0132
13.11.2023 06:31:23.977 GMT-0800,22.844,22.716,0.0009,0.0132
13.11.2023 06:31:25.426 GMT-0800,22.884,22.716,0.0132,0.0132
13.11.2023 06:31:30.478 GMT-0800,22.794,22.716,0.0009,0.0132
13.11.2023 06:31:31.461 GMT-0800,22.824,22.776,0.009,0.0132
13.11.2023 06:31:31.511 GMT-0800,22.883000000000003,22.776999999999997,0.0132,0.0132
13.11.2023 06:31:31.913 GMT-0800,22.884,22.766,0.0132,0.0132
13.11.2023 06:31:32.524 GMT-0800,22.824,22.766,0.0132,0.0132
13.11.2023 06:31:33.759 GMT-0800,22.883000000000003,22.767,0.0132,0.0132
13.11.2023 06:31:36.474 GMT-0800,22.883000000000003,22.767,0.0132,0.0112
13.11.2023 06:31:37.182 GMT-0800,22.834,22.776,0.0132,0.0132
13.11.2023 06:31:37.891 GMT-0800,22.883000000000003,22.776999999999997,0.0132,0.0132
13.11.2023 06:31:39.328 GMT-0800,22.863000000000003,22.776999999999997,0.0009,0.0112
13.11.2023 06:31:39.624 GMT-0800,22.854000000000003,22.806,0.009,0.0132
13.11.2023 06:31:39.675 GMT-0800,22.863000000000003,22.807,0.0132,0.0132
13.11.2023 06:31:42.370 GMT-0800,22.853,22.807,0.0009,0.0132
13.11.2023 06:31:42.421 GMT-0800,22.854000000000003,22.796,0.0132,0.0132
13.11.2023 06:31:42.543 GMT-0800,22.863000000000003,22.796999999999997,0.0132,0.0132
13.11.2023 06:31:43.763 GMT-0800,22.863000000000003,22.787,0.0132,0.0132
13.11.2023 06:31:47.421 GMT-0800,22.854000000000003,22.785999999999998,0.0132,0.0132
13.11.2023 06:31:47.568 GMT-0800,22.854000000000003,22.826,0.0132,0.0132
13.11.2023 06:31:47.960 GMT-0800,22.864,22.826,0.0132,0.0132
13.11.2023 06:31:48.011 GMT-0800,22.853,22.826999999999998,0.0009,0.0132
13.11.2023 06:31:48.061 GMT-0800,22.864,22.826,0.0132,0.0132
13.11.2023 06:31:48.441 GMT-0800,22.854000000000003,22.826,0.0009,0.0132
13.11.2023 06:31:48.492 GMT-0800,22.863000000000003,22.826999999999998,0.0132,0.0132
13.11.2023 06:31:50.325 GMT-0800,22.853,22.826999999999998,0.0009,0.0132
13.11.2023 06:31:50.375 GMT-0800,22.863000000000003,22.826999999999998,0.0132,0.0132
13.11.2023 06:31:50.650 GMT-0800,22.843000000000004,22.826999999999998,0.0009,0.009
13.11.2023 06:31:50.701 GMT-0800,22.844,22.796,0.0132,0.0132
13.11.2023 06:31:50.785 GMT-0800,22.843000000000004,22.796999999999997,0.0132,0.0112
13.11.2023 06:31:54.303 GMT-0800,22.843000000000004,22.807,0.0132,0.0112
13.11.2023 06:31:56.542 GMT-0800,22.844,22.816,0.0132,0.0112
13.11.2023 06:31:56.592 GMT-0800,22.853,22.826999999999998,0.0132,0.009
13.11.2023 06:32:04.265 GMT-0800,22.843000000000004,22.826999999999998,0.0009,0.009
13.11.2023 06:32:04.394 GMT-0800,22.834,22.826,0.0009,0.009
13.11.2023 06:32:04.450 GMT-0800,22.833000000000002,22.807,0.0132,0.0132
13.11.2023 06:32:04.501 GMT-0800,22.824,22.806,0.0009,0.009
13.11.2023 06:32:04.551 GMT-0800,22.833000000000002,22.807,0.009,0.009
13.11.2023 06:32:04.669 GMT-0800,22.843000000000004,22.787,0.0132,0.0132
13.11.2023 06:32:05.721 GMT-0800,22.824,22.785999999999998,0.0009,0.0132
13.11.2023 06:32:06.846 GMT-0800,22.854000000000003,22.785999999999998,0.0132,0.0132
13.11.2023 06:32:07.845 GMT-0800,22.854000000000003,22.785999999999998,0.0132,0.0112
13.11.2023 06:32:07.946 GMT-0800,22.843000000000004,22.807,0.0009,0.009
13.11.2023 06:32:07.997 GMT-0800,22.853,22.787,0.0132,0.0132
13.11.2023 06:32:09.110 GMT-0800,22.853,22.787,0.0132,0.0112
13.11.2023 06:32:11.433 GMT-0800,22.833000000000002,22.796999999999997,0.0009,0.0132
13.11.2023 06:32:11.535 GMT-0800,22.814,22.736,0.0132,0.0132
13.11.2023 06:32:11.836 GMT-0800,22.854000000000003,22.736,0.0132,0.0132
13.11.2023 06:32:11.927 GMT-0800,22.794,22.736,0.0009,0.0132
13.11.2023 06:32:11.977 GMT-0800,22.853,22.737,0.0132,0.0132
13.11.2023 06:32:13.971 GMT-0800,22.853,22.737,0.0132,0.0112
13.11.2023 06:32:16.250 GMT-0800,22.804000000000002,22.756,0.0009,0.0132
13.11.2023 06:32:16.301 GMT-0800,22.854000000000003,22.756,0.0132,0.0132
13.11.2023 06:32:17.421 GMT-0800,22.853,22.737,0.0132,0.0132
13.11.2023 06:32:17.519 GMT-0800,22.793000000000003,22.737,0.0009,0.0132
13.11.2023 06:32:18.650 GMT-0800,22.854000000000003,22.736,0.0132,0.0132
13.11.2023 06:32:25.171 GMT-0800,22.783,22.737,0.0009,0.0132
13.11.2023 06:32:26.359 GMT-0800,22.853,22.737,0.0132,0.0132
13.11.2023 06:32:27.075 GMT-0800,22.854000000000003,22.726,0.0132,0.0132
13.11.2023 06:32:27.457 GMT-0800,22.854000000000003,22.726,0.0132,0.0112
13.11.2023 06:32:30.652 GMT-0800,22.854000000000003,22.756,0.0132,0.0112
13.11.2023 06:32:31.104 GMT-0800,22.795,22.766,0.0009,0.0132
13.11.2023 06:32:35.656 GMT-0800,22.783,22.767,0.0009,0.009
13.11.2023 06:32:35.707 GMT-0800,22.794,22.726,0.0132,0.0132
13.11.2023 06:32:35.768 GMT-0800,22.784000000000002,22.726,0.0009,0.0132
13.11.2023 06:32:36.042 GMT-0800,22.823000000000004,22.727,0.0132,0.0132
13.11.2023 06:32:36.404 GMT-0800,22.844,22.726,0.0132,0.0132
13.11.2023 06:32:37.076 GMT-0800,22.773000000000003,22.727,0.0009,0.0132
13.11.2023 06:32:37.127 GMT-0800,22.844,22.726,0.0132,0.0132
13.11.2023 06:32:37.329 GMT-0800,22.844,22.716,0.0132,0.0132
13.11.2023 06:32:44.789 GMT-0800,22.793000000000003,22.717,0.0009,0.0132
13.11.2023 06:32:47.173 GMT-0800,22.793000000000003,22.717,0.0132,0.0112
13.11.2023 06:32:47.318 GMT-0800,22.795,22.767,0.009,0.0112
13.11.2023 06:32:47.369 GMT-0800,22.803,22.776999999999997,0.0132,0.0132
13.11.2023 06:32:47.470 GMT-0800,22.853,22.776999999999997,0.0132,0.0132
13.11.2023 06:32:53.293 GMT-0800,22.813000000000002,22.776999999999997,0.0009,0.0132
13.11.2023 06:32:53.726 GMT-0800,22.803,22.776999999999997,0.0009,0.0132
13.11.2023 06:32:53.776 GMT-0800,22.854000000000003,22.776,0.0132,0.0132
13.11.2023 06:32:54.002 GMT-0800,22.814,22.776,0.009,0.0132
13.11.2023 06:32:55.319 GMT-0800,22.854000000000003,22.776,0.0132,0.0132
13.11.2023 06:32:57.383 GMT-0800,22.854000000000003,22.776,0.0132,0.0112
13.11.2023 06:33:04.686 GMT-0800,22.794,22.766,0.0132,0.0132
13.11.2023 06:33:05.772 GMT-0800,22.803,22.767,0.0132,0.0132
13.11.2023 06:33:07.685 GMT-0800,22.793000000000003,22.767,0.0132,0.0132
13.11.2023 06:33:11.542 GMT-0800,22.774,22.766,0.0009,0.009
13.11.2023 06:33:11.593 GMT-0800,22.783,22.767,0.0009,0.009
13.11.2023 06:33:16.449 GMT-0800,22.783,22.747,0.0132,0.0132
13.11.2023 06:33:16.499 GMT-0800,22.774,22.746,0.0009,0.0132
13.11.2023 06:33:17.006 GMT-0800,22.773000000000003,22.717,0.0132,0.0132
13.11.2023 06:33:17.283 GMT-0800,22.744,22.716,0.0009,0.0132
13.11.2023 06:33:17.334 GMT-0800,22.773000000000003,22.717,0.0132,0.0132
13.11.2023 06:33:17.409 GMT-0800,22.763,22.717,0.0009,0.0132
13.11.2023 06:33:17.511 GMT-0800,22.743000000000002,22.717,0.0009,0.0132
13.11.2023 06:33:17.561 GMT-0800,22.754,22.716,0.0132,0.0132
13.11.2023 06:33:18.210 GMT-0800,22.763,22.717,0.0132,0.0132
13.11.2023 06:33:19.494 GMT-0800,22.754,22.716,0.0009,0.0132
13.11.2023 06:33:20.088 GMT-0800,22.744,22.716,0.0009,0.0132
13.11.2023 06:33:20.198 GMT-0800,22.753000000000004,22.717,0.0132,0.0132
13.11.2023 06:33:29.891 GMT-0800,22.774,22.716,0.0132,0.0132
13.11.2023 06:33:31.730 GMT-0800,22.754,22.716,0.0009,0.0132
13.11.2023 06:33:31.781 GMT-0800,22.763,22.717,0.0132,0.0132
13.11.2023 06:33:34.767 GMT-0800,22.773000000000003,22.717,0.0132,0.0132
13.11.2023 06:33:39.743 GMT-0800,22.764000000000003,22.716,0.0009,0.0132
13.11.2023 06:33:40.034 GMT-0800,22.763,22.717,0.0132,0.0112
13.11.2023 06:33:40.085 GMT-0800,22.763,22.727,0.0132,0.0132
13.11.2023 06:33:40.786 GMT-0800,22.774,22.726,0.0132,0.0132
13.11.2023 06:33:45.847 GMT-0800,22.754,22.726,0.0009,0.0112
13.11.2023 06:33:45.897 GMT-0800,22.753000000000004,22.727,0.0132,0.0132
13.11.2023 06:33:52.061 GMT-0800,22.754,22.726,0.009,0.0112
13.11.2023 06:33:52.112 GMT-0800,22.764000000000003,22.736,0.0132,0.0132
13.11.2023 06:33:52.357 GMT-0800,22.754,22.736,0.0132,0.0132
13.11.2023 06:33:57.909 GMT-0800,22.763,22.737,0.0132,0.0132
13.11.2023 06:33:58.027 GMT-0800,22.764000000000003,22.726,0.0132,0.0132
13.11.2023 06:33:58.135 GMT-0800,22.753000000000004,22.727,0.0009,0.0132
13.11.2023 06:33:58.186 GMT-0800,22.763,22.727,0.0132,0.0132
13.11.2023 06:33:58.273 GMT-0800,22.753000000000004,22.727,0.0009,0.0132
13.11.2023 06:33:58.375 GMT-0800,22.763,22.727,0.0132,0.0132
13.11.2023 06:33:58.649 GMT-0800,22.753000000000004,22.727,0.0009,0.0132
13.11.2023 06:33:59.363 GMT-0800,22.764000000000003,22.726,0.0132,0.0132
13.11.2023 06:34:00.100 GMT-0800,22.773000000000003,22.727,0.0132,0.0132
13.11.2023 06:34:01.640 GMT-0800,22.743000000000002,22.727,0.0009,0.0132
13.11.2023 06:34:02.135 GMT-0800,22.754,22.726,0.0132,0.0132
13.11.2023 06:34:02.789 GMT-0800,22.753000000000004,22.727,0.009,0.0112
13.11.2023 06:34:02.951 GMT-0800,22.784000000000002,22.736,0.0132,0.0132
13.11.2023 06:34:04.249 GMT-0800,22.784000000000002,22.736,0.0132,0.0112
13.11.2023 06:34:10.751 GMT-0800,22.784000000000002,22.736,0.0132,0.0132
13.11.2023 06:34:12.470 GMT-0800,22.783,22.737,0.0132,0.0112
13.11.2023 06:34:15.762 GMT-0800,22.774,22.756,0.0009,0.009
13.11.2023 06:34:15.813 GMT-0800,22.773000000000003,22.737,0.0132,0.0132
13.11.2023 06:34:15.899 GMT-0800,22.763,22.737,0.0009,0.0132
13.11.2023 06:34:17.190 GMT-0800,22.754,22.736,0.0009,0.0132
13.11.2023 06:34:17.292 GMT-0800,22.763,22.737,0.0132,0.0132
13.11.2023 06:34:17.897 GMT-0800,22.764000000000003,22.736,0.0132,0.0112
13.11.2023 06:34:27.852 GMT-0800,22.764000000000003,22.746,0.009,0.0112
13.11.2023 06:34:27.903 GMT-0800,22.774,22.756,0.0132,0.0132
13.11.2023 06:34:41.750 GMT-0800,22.764000000000003,22.756,0.0009,0.009
13.11.2023 06:34:41.802 GMT-0800,22.763,22.747,0.0132,0.0132
13.11.2023 06:34:58.206 GMT-0800,22.763,22.747,0.009,0.0112
13.11.2023 06:34:58.257 GMT-0800,22.774,22.746,0.0132,0.0132
13.11.2023 06:34:58.342 GMT-0800,22.774,22.746,0.0132,0.0112
13.11.2023 06:35:00.959 GMT-0800,22.763,22.756999999999998,0.0009,0.009
13.11.2023 06:35:01.111 GMT-0800,22.763,22.747,0.0132,0.0132
13.11.2023 06:35:02.600 GMT-0800,22.753000000000004,22.747,0.0009,0.009
13.11.2023 06:35:02.651 GMT-0800,22.754,22.736,0.0132,0.0132
13.11.2023 06:35:04.725 GMT-0800,22.753000000000004,22.737,0.009,0.0112
13.11.2023 06:35:04.775 GMT-0800,22.764000000000003,22.746,0.0132,0.0132
13.11.2023 06:35:08.992 GMT-0800,22.753000000000004,22.737,0.0132,0.0132
13.11.2023 06:35:10.876 GMT-0800,22.744,22.736,0.0009,0.009
13.11.2023 06:35:10.926 GMT-0800,22.743000000000002,22.727,0.0132,0.0132
13.11.2023 06:35:11.302 GMT-0800,22.754,22.726,0.0132,0.0132
13.11.2023 06:35:14.394 GMT-0800,22.754,22.726,0.0132,0.0112
13.11.2023 06:35:18.225 GMT-0800,22.763,22.747,0.0132,0.0132
13.11.2023 06:35:21.769 GMT-0800,22.753000000000004,22.747,0.0009,0.009
13.11.2023 06:35:21.820 GMT-0800,22.754,22.726,0.0132,0.0132
13.11.2023 06:35:22.932 GMT-0800,22.754,22.726,0.0132,0.0112
13.11.2023 06:35:23.899 GMT-0800,22.754,22.726,0.0132,0.0132
13.11.2023 06:35:24.011 GMT-0800,22.744,22.726,0.0009,0.0132
13.11.2023 06:35:28.993 GMT-0800,22.743000000000002,22.727,0.009,0.0112
13.11.2023 06:35:29.043 GMT-0800,22.754,22.736,0.0132,0.0132
13.11.2023 06:35:36.974 GMT-0800,22.743000000000002,22.737,0.0009,0.009
13.11.2023 06:35:37.075 GMT-0800,22.744,22.726,0.0132,0.0132
13.11.2023 06:35:43.865 GMT-0800,22.743000000000002,22.727,0.009,0.0112
13.11.2023 06:35:43.915 GMT-0800,22.764000000000003,22.726,0.0132,0.0132
13.11.2023 06:35:44.093 GMT-0800,22.783,22.727,0.0132,0.0132
13.11.2023 06:35:45.693 GMT-0800,22.753000000000004,22.727,0.0009,0.0132
13.11.2023 06:35:46.847 GMT-0800,22.773000000000003,22.727,0.0132,0.0132
13.11.2023 06:35:49.457 GMT-0800,22.763,22.727,0.0009,0.0132
13.11.2023 06:35:50.157 GMT-0800,22.773000000000003,22.727,0.0132,0.0132
13.11.2023 06:35:50.359 GMT-0800,22.753000000000004,22.727,0.0009,0.0132
13.11.2023 06:35:55.537 GMT-0800,22.753000000000004,22.727,0.009,0.0112
13.11.2023 06:35:55.588 GMT-0800,22.763,22.737,0.0132,0.0132
13.11.2023 06:35:56.409 GMT-0800,22.774,22.736,0.0132,0.0132
13.11.2023 06:36:01.823 GMT-0800,22.773000000000003,22.737,0.0132,0.0112
13.11.2023 06:36:03.718 GMT-0800,22.784000000000002,22.746,0.0132,0.0132
13.11.2023 06:36:05.265 GMT-0800,22.774,22.746,0.0009,0.0132
13.11.2023 06:36:06.169 GMT-0800,22.754,22.746,0.0009,0.009
13.11.2023 06:36:06.220 GMT-0800,22.763,22.737,0.0132,0.0132
13.11.2023 06:36:06.674 GMT-0800,22.743000000000002,22.737,0.0009,0.009
13.11.2023 06:36:06.775 GMT-0800,22.744,22.716,0.0132,0.0132
13.11.2023 06:36:07.872 GMT-0800,22.754,22.716,0.0132,0.0132
13.11.2023 06:36:07.979 GMT-0800,22.763,22.717,0.0132,0.0132
13.11.2023 06:36:08.246 GMT-0800,22.764000000000003,22.716,0.0132,0.0112
13.11.2023 06:36:08.348 GMT-0800,22.753000000000004,22.727,0.0009,0.0132
13.11.2023 06:36:08.730 GMT-0800,22.744,22.726,0.0009,0.0132
13.11.2023 06:36:08.831 GMT-0800,22.763,22.727,0.0132,0.0132
13.11.2023 06:36:09.871 GMT-0800,22.743000000000002,22.727,0.0009,0.0132
13.11.2023 06:36:16.172 GMT-0800,22.743000000000002,22.717,0.0132,0.0132
13.11.2023 06:36:16.655 GMT-0800,22.734,22.716,0.0009,0.0132
13.11.2023 06:36:16.706 GMT-0800,22.744,22.716,0.0132,0.0132
13.11.2023 06:36:16.787 GMT-0800,22.733,22.717,0.0009,0.0132
13.11.2023 06:36:18.130 GMT-0800,22.753000000000004,22.717,0.0132,0.0132
13.11.2023 06:36:21.605 GMT-0800,22.754,22.716,0.0132,0.0112
13.11.2023 06:36:23.796 GMT-0800,22.733,22.727,0.0009,0.009
13.11.2023 06:36:23.847 GMT-0800,22.733,22.717,0.0132,0.0132
13.11.2023 06:36:25.568 GMT-0800,22.744,22.716,0.0132,0.0132
13.11.2023 06:36:27.397 GMT-0800,22.733,22.717,0.0009,0.0132
13.11.2023 06:36:28.537 GMT-0800,22.743000000000002,22.717,0.0132,0.0132
13.11.2023 06:36:29.767 GMT-0800,22.734,22.716,0.0009,0.0132
13.11.2023 06:36:30.370 GMT-0800,22.744,22.716,0.0132,0.0132
13.11.2023 06:36:31.929 GMT-0800,22.753000000000004,22.717,0.0132,0.0132
13.11.2023 06:36:32.118 GMT-0800,22.743000000000002,22.717,0.0009,0.0132
13.11.2023 06:36:33.143 GMT-0800,22.754,22.716,0.0132,0.0132
13.11.2023 06:36:35.533 GMT-0800,22.743000000000002,22.717,0.0009,0.0132
13.11.2023 06:36:35.584 GMT-0800,22.753000000000004,22.717,0.0132,0.0132
13.11.2023 06:36:39.744 GMT-0800,22.723000000000003,22.717,0.0009,0.009
13.11.2023 06:36:39.795 GMT-0800,22.754,22.695999999999998,0.0132,0.0132
13.11.2023 06:36:39.846 GMT-0800,22.724,22.695999999999998,0.0132,0.0132
13.11.2023 06:36:40.875 GMT-0800,22.753000000000004,22.697,0.0132,0.0132
13.11.2023 06:36:43.715 GMT-0800,22.723000000000003,22.697,0.0009,0.0132
13.11.2023 06:36:44.381 GMT-0800,22.754,22.695999999999998,0.0132,0.0132
13.11.2023 06:37:00.047 GMT-0800,22.754,22.695999999999998,0.0132,0.0112
13.11.2023 06:37:00.288 GMT-0800,22.734,22.706,0.0132,0.0132
13.11.2023 06:37:03.781 GMT-0800,22.724,22.706,0.0009,0.009
13.11.2023 06:37:03.832 GMT-0800,22.723000000000003,22.697,0.0132,0.0132
13.11.2023 06:37:03.883 GMT-0800,22.714000000000002,22.695999999999998,0.0132,0.0132
13.11.2023 06:37:03.934 GMT-0800,22.723000000000003,22.697,0.0132,0.0132
13.11.2023 06:37:05.186 GMT-0800,22.713,22.697,0.0009,0.0132
13.11.2023 06:37:05.859 GMT-0800,22.723000000000003,22.697,0.0132,0.0132
13.11.2023 06:37:15.822 GMT-0800,22.703000000000003,22.697,0.0009,0.009
13.11.2023 06:37:15.923 GMT-0800,22.724,22.695999999999998,0.012,0.009
13.11.2023 06:37:15.974 GMT-0800,22.703000000000003,22.677,0.0132,0.0132
13.11.2023 06:37:16.765 GMT-0800,22.713,22.677,0.0132,0.0132
13.11.2023 06:37:17.454 GMT-0800,22.704,22.676,0.0009,0.0132
13.11.2023 06:37:18.587 GMT-0800,22.713,22.677,0.0132,0.0132
13.11.2023 06:37:20.062 GMT-0800,22.694000000000003,22.676,0.0009,0.0132
13.11.2023 06:37:28.962 GMT-0800,22.694000000000003,22.666,0.0132,0.0132
13.11.2023 06:37:29.013 GMT-0800,22.684,22.666,0.0132,0.0132
13.11.2023 06:37:29.064 GMT-0800,22.693,22.666999999999998,0.0132,0.0132
13.11.2023 06:37:29.230 GMT-0800,22.684,22.666,0.0009,0.0132
13.11.2023 06:37:30.423 GMT-0800,22.694000000000003,22.666,0.0132,0.0132
13.11.2023 06:37:32.678 GMT-0800,22.683000000000003,22.666999999999998,0.0009,0.0132
13.11.2023 06:37:32.729 GMT-0800,22.693,22.666999999999998,0.0132,0.0132
13.11.2023 06:37:32.806 GMT-0800,22.684,22.666,0.0009,0.0132
13.11.2023 06:37:32.908 GMT-0800,22.683000000000003,22.657,0.0132,0.0132
13.11.2023 06:37:33.294 GMT-0800,22.694000000000003,22.656,0.0132,0.0132
13.11.2023 06:37:39.482 GMT-0800,22.684,22.656,0.0009,0.0132
13.11.2023 06:37:40.788 GMT-0800,22.694000000000003,22.656,0.0132,0.0132
13.11.2023 06:37:46.111 GMT-0800,22.674000000000003,22.656,0.0009,0.0132
13.11.2023 06:37:46.836 GMT-0800,22.694000000000003,22.656,0.0132,0.0132
13.11.2023 06:37:48.644 GMT-0800,22.674000000000003,22.656,0.0009,0.0132
13.11.2023 06:37:48.695 GMT-0800,22.693,22.657,0.0132,0.0132
13.11.2023 06:37:48.935 GMT-0800,22.673000000000002,22.657,0.0009,0.0132
13.11.2023 06:37:50.185 GMT-0800,22.693,22.657,0.0132,0.0132
13.11.2023 06:37:54.551 GMT-0800,22.683000000000003,22.657,0.0009,0.0132
13.11.2023 06:37:55.622 GMT-0800,22.694000000000003,22.656,0.0132,0.0132
13.11.2023 06:38:00.499 GMT-0800,22.674000000000003,22.656,0.0009,0.0132
13.11.2023 06:38:00.551 GMT-0800,22.694000000000003,22.656,0.0132,0.0132
13.11.2023 06:38:00.844 GMT-0800,22.674000000000003,22.656,0.0009,0.0132
13.11.2023 06:38:01.033 GMT-0800,22.693,22.657,0.0132,0.0132
13.11.2023 06:38:01.134 GMT-0800,22.674000000000003,22.656,0.0009,0.0132
13.11.2023 06:38:01.577 GMT-0800,22.694000000000003,22.656,0.0132,0.0132
13.11.2023 06:38:02.499 GMT-0800,22.673000000000002,22.657,0.0009,0.0132
13.11.2023 06:38:02.653 GMT-0800,22.694000000000003,22.656,0.0132,0.0132
13.11.2023 06:38:03.519 GMT-0800,22.693,22.657,0.0132,0.0112
13.11.2023 06:38:04.977 GMT-0800,22.684,22.666,0.0009,0.0132
13.11.2023 06:38:08.278 GMT-0800,22.693,22.666999999999998,0.0132,0.0132
13.11.2023 06:38:08.559 GMT-0800,22.684,22.666,0.0009,0.0132
13.11.2023 06:38:11.479 GMT-0800,22.693,22.666999999999998,0.0132,0.0132
13.11.2023 06:38:13.410 GMT-0800,22.693,22.666999999999998,0.0132,0.0112
13.11.2023 06:38:13.742 GMT-0800,22.693,22.666999999999998,0.0132,0.0132
13.11.2023 06:38:13.960 GMT-0800,22.683000000000003,22.666999999999998,0.0009,0.0132
13.11.2023 06:38:15.088 GMT-0800,22.694000000000003,22.666,0.0132,0.0132
13.11.2023 06:38:15.602 GMT-0800,22.683000000000003,22.666999999999998,0.0009,0.0132
13.11.2023 06:38:21.238 GMT-0800,22.693,22.666999999999998,0.0132,0.0132
13.11.2023 06:38:21.684 GMT-0800,22.693,22.666999999999998,0.0132,0.0112
13.11.2023 06:38:26.945 GMT-0800,22.694000000000003,22.676,0.009,0.0112
13.11.2023 06:38:27.057 GMT-0800,22.703000000000003,22.686999999999998,0.0132,0.0132
13.11.2023 06:38:29.547 GMT-0800,22.703000000000003,22.686999999999998,0.009,0.0112
13.11.2023 06:38:29.598 GMT-0800,22.723000000000003,22.706999999999997,0.0132,0.0132
13.11.2023 06:38:29.866 GMT-0800,22.764000000000003,22.706,0.0132,0.0132
13.11.2023 06:38:30.012 GMT-0800,22.725,22.706,0.0009,0.0132
13.11.2023 06:38:30.189 GMT-0800,22.764000000000003,22.706,0.0132,0.0132
13.11.2023 06:38:30.708 GMT-0800,22.725,22.706,0.0009,0.0132
13.11.2023 06:38:33.578 GMT-0800,22.714000000000002,22.706,0.0009,0.009
13.11.2023 06:38:33.629 GMT-0800,22.724,22.706,0.0132,0.0132
13.11.2023 06:38:33.985 GMT-0800,22.723000000000003,22.697,0.0132,0.0132
13.11.2023 06:38:34.169 GMT-0800,22.723000000000003,22.697,0.0132,0.0112
13.11.2023 06:38:34.539 GMT-0800,22.723000000000003,22.697,0.0132,0.0132
13.11.2023 06:38:35.553 GMT-0800,22.713,22.697,0.0132,0.0132
13.11.2023 06:38:36.326 GMT-0800,22.724,22.695999999999998,0.0132,0.0132
13.11.2023 06:38:36.455 GMT-0800,22.724,22.695999999999998,0.009,0.0112
13.11.2023 06:38:36.520 GMT-0800,22.763,22.706999999999997,0.0132,0.0132
13.11.2023 06:38:38.297 GMT-0800,22.733,22.706999999999997,0.0009,0.0132
13.11.2023 06:38:38.432 GMT-0800,22.723000000000003,22.706999999999997,0.0009,0.0132
13.11.2023 06:38:38.483 GMT-0800,22.733,22.706999999999997,0.0132,0.0132
13.11.2023 06:38:38.654 GMT-0800,22.723000000000003,22.706999999999997,0.0009,0.0132
13.11.2023 06:38:38.866 GMT-0800,22.733,22.706999999999997,0.0132,0.0132
13.11.2023 06:38:39.042 GMT-0800,22.723000000000003,22.706999999999997,0.0009,0.0132
13.11.2023 06:38:40.658 GMT-0800,22.734,22.706,0.0132,0.0132
13.11.2023 06:38:41.387 GMT-0800,22.723000000000003,22.706999999999997,0.0009,0.009
13.11.2023 06:38:41.478 GMT-0800,22.724,22.695999999999998,0.0132,0.0132
13.11.2023 06:38:42.963 GMT-0800,22.724,22.706,0.0132,0.0132
13.11.2023 06:38:44.075 GMT-0800,22.723000000000003,22.697,0.0132,0.0132
13.11.2023 06:38:45.275 GMT-0800,22.724,22.695999999999998,0.0132,0.0112
13.11.2023 06:38:46.079 GMT-0800,22.733,22.706999999999997,0.0132,0.0132
13.11.2023 06:38:47.561 GMT-0800,22.733,22.717,0.0132,0.0132
13.11.2023 06:38:48.080 GMT-0800,22.734,22.706,0.0132,0.0132
13.11.2023 06:38:48.714 GMT-0800,22.734,22.706,0.0132,0.0112
13.11.2023 06:38:49.287 GMT-0800,22.764000000000003,22.716,0.0132,0.0132
13.11.2023 06:38:49.366 GMT-0800,22.743000000000002,22.717,0.0009,0.0112
13.11.2023 06:38:49.720 GMT-0800,22.743000000000002,22.717,0.0132,0.0132
13.11.2023 06:38:50.230 GMT-0800,22.734,22.716,0.0009,0.0132
13.11.2023 06:38:50.498 GMT-0800,22.734,22.706,0.0132,0.0132
13.11.2023 06:38:51.332 GMT-0800,22.733,22.706999999999997,0.0132,0.0112
13.11.2023 06:38:51.591 GMT-0800,22.733,22.706999999999997,0.0132,0.0132
13.11.2023 06:38:52.344 GMT-0800,22.733,22.706999999999997,0.0132,0.0112
13.11.2023 06:38:52.688 GMT-0800,22.744,22.716,0.0132,0.0132
13.11.2023 06:38:52.741 GMT-0800,22.743000000000002,22.717,0.0132,0.0112
13.11.2023 06:38:53.670 GMT-0800,22.733,22.727,0.0009,0.009
13.11.2023 06:38:53.722 GMT-0800,22.734,22.716,0.0132,0.0132
13.11.2023 06:38:53.867 GMT-0800,22.744,22.716,0.0132,0.0132
13.11.2023 06:38:54.009 GMT-0800,22.734,22.716,0.0009,0.0132
13.11.2023 06:38:54.110 GMT-0800,22.744,22.716,0.0132,0.0132
13.11.2023 06:38:54.457 GMT-0800,22.733,22.717,0.0009,0.0132
13.11.2023 06:38:54.508 GMT-0800,22.744,22.716,0.0132,0.0132
13.11.2023 06:38:55.042 GMT-0800,22.734,22.716,0.0009,0.0132
13.11.2023 06:38:55.403 GMT-0800,22.744,22.716,0.0132,0.0132
13.11.2023 06:38:56.249 GMT-0800,22.733,22.717,0.0009,0.0132
13.11.2023 06:38:57.686 GMT-0800,22.733,22.706999999999997,0.0132,0.0132
13.11.2023 06:39:03.956 GMT-0800,22.733,22.706999999999997,0.0132,0.0112
13.11.2023 06:39:11.611 GMT-0800,22.744,22.716,0.0132,0.0132
13.11.2023 06:39:12.281 GMT-0800,22.733,22.717,0.0009,0.0132
13.11.2023 06:39:13.551 GMT-0800,22.744,22.716,0.0132,0.0132
13.11.2023 06:39:17.806 GMT-0800,22.733,22.717,0.0009,0.0132
13.11.2023 06:39:18.809 GMT-0800,22.744,22.716,0.0132,0.0132
13.11.2023 06:39:19.106 GMT-0800,22.733,22.717,0.0009,0.0132
13.11.2023 06:39:19.899 GMT-0800,22.743000000000002,22.717,0.0132,0.0132
13.11.2023 06:39:27.624 GMT-0800,22.733,22.717,0.0009,0.0132
13.11.2023 06:39:31.763 GMT-0800,22.744,22.716,0.0132,0.0132
13.11.2023 06:39:34.321 GMT-0800,22.734,22.716,0.0009,0.0132
13.11.2023 06:39:35.419 GMT-0800,22.744,22.716,0.0132,0.0132
13.11.2023 06:39:35.622 GMT-0800,22.733,22.717,0.0009,0.0132
13.11.2023 06:39:36.436 GMT-0800,22.744,22.716,0.0132,0.0132
13.11.2023 06:39:38.844 GMT-0800,22.743000000000002,22.717,0.0132,0.0112
13.11.2023 06:39:39.123 GMT-0800,22.764000000000003,22.726,0.0132,0.0132
13.11.2023 06:39:40.588 GMT-0800,22.754,22.726,0.0009,0.0112
13.11.2023 06:39:40.992 GMT-0800,22.753000000000004,22.727,0.0132,0.0132
13.11.2023 06:39:42.182 GMT-0800,22.754,22.726,0.0132,0.0112
13.11.2023 06:39:45.365 GMT-0800,22.753000000000004,22.727,0.0132,0.0132
13.11.2023 06:39:45.850 GMT-0800,22.753000000000004,22.727,0.0132,0.0112
13.11.2023 06:39:51.060 GMT-0800,22.753000000000004,22.737,0.009,0.0112
13.11.2023 06:39:51.161 GMT-0800,22.763,22.747,0.0132,0.0132
13.11.2023 06:39:51.476 GMT-0800,22.794,22.746,0.0132,0.0132
13.11.2023 06:39:51.527 GMT-0800,22.863000000000003,22.747,0.0132,0.0132
13.11.2023 06:39:51.657 GMT-0800,22.764000000000003,22.746,0.0009,0.0132
13.11.2023 06:39:51.708 GMT-0800,22.864,22.746,0.0132,0.0132
13.11.2023 06:39:53.228 GMT-0800,22.763,22.747,0.0009,0.0132
13.11.2023 06:40:00.387 GMT-0800,22.774,22.746,0.0132,0.0132
13.11.2023 06:40:00.520 GMT-0800,22.763,22.747,0.0009,0.0132
13.11.2023 06:40:01.767 GMT-0800,22.763,22.737,0.0132,0.0132
13.11.2023 06:40:02.373 GMT-0800,22.763,22.737,0.009,0.0112
13.11.2023 06:40:02.424 GMT-0800,22.773000000000003,22.747,0.0132,0.0132
13.11.2023 06:40:02.975 GMT-0800,22.763,22.747,0.0009,0.0132
13.11.2023 06:40:04.937 GMT-0800,22.754,22.726,0.0132,0.0132
13.11.2023 06:40:05.632 GMT-0800,22.754,22.726,0.0132,0.0112
13.11.2023 06:40:07.036 GMT-0800,22.754,22.726,0.0132,0.0132
13.11.2023 06:40:09.618 GMT-0800,22.753000000000004,22.727,0.0132,0.0112
13.11.2023 06:40:11.662 GMT-0800,22.754,22.736,0.009,0.0112
13.11.2023 06:40:11.713 GMT-0800,22.754,22.736,0.0132,0.0132
13.11.2023 06:40:12.039 GMT-0800,22.753000000000004,22.727,0.0132,0.0132
13.11.2023 06:40:15.722 GMT-0800,22.754,22.726,0.0132,0.0112
13.11.2023 06:40:19.471 GMT-0800,22.754,22.726,0.0132,0.0132
13.11.2023 06:40:20.539 GMT-0800,22.753000000000004,22.727,0.0132,0.0112
13.11.2023 06:40:20.905 GMT-0800,22.754,22.726,0.0132,0.0132
13.11.2023 06:40:24.367 GMT-0800,22.754,22.726,0.0132,0.0112
13.11.2023 06:40:24.797 GMT-0800,22.753000000000004,22.727,0.0132,0.0132
13.11.2023 06:40:25.548 GMT-0800,22.754,22.726,0.0132,0.0112
13.11.2023 06:40:25.649 GMT-0800,22.753000000000004,22.727,0.0132,0.0132
13.11.2023 06:40:25.823 GMT-0800,22.744,22.726,0.0009,0.009
13.11.2023 06:40:25.981 GMT-0800,22.733,22.717,0.0132,0.0132
13.11.2023 06:40:28.717 GMT-0800,22.733,22.717,0.009,0.0112
13.11.2023 06:40:28.819 GMT-0800,22.744,22.726,0.0132,0.0132
13.11.2023 06:40:29.842 GMT-0800,22.753000000000004,22.727,0.0132,0.0132
13.11.2023 06:40:31.311 GMT-0800,22.754,22.726,0.0132,0.0112
13.11.2023 06:40:31.413 GMT-0800,22.743000000000002,22.727,0.0132,0.0132
13.11.2023 06:40:39.992 GMT-0800,22.733,22.727,0.0009,0.009
13.11.2023 06:40:40.043 GMT-0800,22.733,22.717,0.0132,0.0132
13.11.2023 06:40:41.121 GMT-0800,22.723000000000003,22.717,0.0009,0.009
13.11.2023 06:40:41.172 GMT-0800,22.724,22.706,0.0132,0.0132
13.11.2023 06:40:43.443 GMT-0800,22.723000000000003,22.697,0.0132,0.0132
13.11.2023 06:40:44.734 GMT-0800,22.723000000000003,22.697,0.0132,0.0112
13.11.2023 06:40:44.887 GMT-0800,22.724,22.695999999999998,0.0132,0.0132
13.11.2023 06:40:47.419 GMT-0800,22.723000000000003,22.697,0.009,0.0112
13.11.2023 06:40:47.738 GMT-0800,22.713,22.697,0.0009,0.0132
13.11.2023 06:40:49.962 GMT-0800,22.724,22.695999999999998,0.0132,0.0132
13.11.2023 06:40:50.242 GMT-0800,22.724,22.695999999999998,0.0132,0.0112
13.11.2023 06:40:50.292 GMT-0800,22.724,22.695999999999998,0.0132,0.0132
13.11.2023 06:40:51.037 GMT-0800,22.724,22.695999999999998,0.0132,0.0112
13.11.2023 06:40:51.441 GMT-0800,22.724,22.695999999999998,0.0132,0.0132
13.11.2023 06:40:51.885 GMT-0800,22.724,22.695999999999998,0.0132,0.0112
13.11.2023 06:40:51.987 GMT-0800,22.724,22.695999999999998,0.0132,0.0132
13.11.2023 06:40:52.278 GMT-0800,22.723000000000003,22.697,0.0132,0.0112
13.11.2023 06:40:55.763 GMT-0800,22.733,22.706999999999997,0.0132,0.0132
13.11.2023 06:41:00.063 GMT-0800,22.724,22.706,0.0009,0.0132
13.11.2023 06:41:00.352 GMT-0800,22.734,22.706,0.0132,0.0132
13.11.2023 06:41:02.504 GMT-0800,22.723000000000003,22.706999999999997,0.0009,0.0132
13.11.2023 06:41:03.546 GMT-0800,22.733,22.706999999999997,0.0132,0.0132
13.11.2023 06:41:04.813 GMT-0800,22.733,22.706999999999997,0.0132,0.0112
13.11.2023 06:41:09.070 GMT-0800,22.734,22.716,0.009,0.0112
13.11.2023 06:41:09.121 GMT-0800,22.734,22.716,0.009,0.0132
13.11.2023 06:41:09.222 GMT-0800,22.743000000000002,22.717,0.0132,0.0112
13.11.2023 06:41:12.015 GMT-0800,22.733,22.727,0.0009,0.009
13.11.2023 06:41:12.089 GMT-0800,22.734,22.716,0.0132,0.0132
13.11.2023 06:41:16.506 GMT-0800,22.723000000000003,22.717,0.0009,0.009
13.11.2023 06:41:16.557 GMT-0800,22.723000000000003,22.697,0.0132,0.0132
13.11.2023 06:41:16.608 GMT-0800,22.714000000000002,22.686,0.0132,0.0132
13.11.2023 06:41:16.956 GMT-0800,22.704,22.686,0.0132,0.0132
13.11.2023 06:41:17.301 GMT-0800,22.703000000000003,22.677,0.0132,0.0132
13.11.2023 06:41:18.002 GMT-0800,22.694000000000003,22.676,0.0009,0.0132
13.11.2023 06:41:18.564 GMT-0800,22.693,22.677,0.009,0.0112
13.11.2023 06:41:18.665 GMT-0800,22.703000000000003,22.686999999999998,0.0132,0.0132
13.11.2023 06:41:22.406 GMT-0800,22.704,22.676,0.0132,0.0132
13.11.2023 06:41:22.662 GMT-0800,22.703000000000003,22.677,0.0132,0.0112
13.11.2023 06:41:23.921 GMT-0800,22.704,22.676,0.0132,0.0132
13.11.2023 06:41:24.494 GMT-0800,22.703000000000003,22.677,0.0132,0.0112
13.11.2023 06:41:25.844 GMT-0800,22.704,22.676,0.0132,0.0132
13.11.2023 06:41:25.959 GMT-0800,22.704,22.676,0.0132,0.0112
13.11.2023 06:41:31.155 GMT-0800,22.703000000000003,22.677,0.0132,0.0132
13.11.2023 06:41:32.788 GMT-0800,22.704,22.676,0.0132,0.0112
13.11.2023 06:41:33.218 GMT-0800,22.703000000000003,22.677,0.0132,0.0132
13.11.2023 06:41:36.264 GMT-0800,22.694000000000003,22.676,0.0009,0.0132
13.11.2023 06:41:39.878 GMT-0800,22.693,22.686999999999998,0.0009,0.009
13.11.2023 06:41:39.929 GMT-0800,22.693,22.677,0.0132,0.0132
13.11.2023 06:41:40.934 GMT-0800,22.694000000000003,22.676,0.009,0.0112
13.11.2023 06:41:41.035 GMT-0800,22.704,22.686,0.0132,0.009
13.11.2023 06:41:41.173 GMT-0800,22.703000000000003,22.677,0.0132,0.0132
13.11.2023 06:41:41.275 GMT-0800,22.694000000000003,22.676,0.0132,0.0132
13.11.2023 06:41:42.343 GMT-0800,22.694000000000003,22.676,0.009,0.0112
13.11.2023 06:41:42.433 GMT-0800,22.703000000000003,22.686999999999998,0.0132,0.0132
13.11.2023 06:41:44.495 GMT-0800,22.694000000000003,22.686,0.0009,0.009
13.11.2023 06:41:44.547 GMT-0800,22.693,22.677,0.0132,0.0132
13.11.2023 06:41:48.944 GMT-0800,22.694000000000003,22.676,0.009,0.0112
13.11.2023 06:41:48.995 GMT-0800,22.704,22.686,0.0132,0.0132
13.11.2023 06:41:50.102 GMT-0800,22.694000000000003,22.686,0.0009,0.009
13.11.2023 06:41:50.153 GMT-0800,22.693,22.677,0.0132,0.0132
13.11.2023 06:41:55.196 GMT-0800,22.694000000000003,22.676,0.009,0.0112
13.11.2023 06:41:55.247 GMT-0800,22.703000000000003,22.686999999999998,0.0132,0.0132
13.11.2023 06:41:57.601 GMT-0800,22.703000000000003,22.686999999999998,0.009,0.0112
13.11.2023 06:41:57.652 GMT-0800,22.713,22.697,0.0132,0.0132
13.11.2023 06:41:59.054 GMT-0800,22.703000000000003,22.686999999999998,0.0009,0.0132
13.11.2023 06:42:04.047 GMT-0800,22.704,22.686,0.009,0.0112
13.11.2023 06:42:04.098 GMT-0800,22.713,22.697,0.0132,0.0132
13.11.2023 06:42:08.715 GMT-0800,22.714000000000002,22.686,0.0132,0.0132
13.11.2023 06:42:09.929 GMT-0800,22.714000000000002,22.686,0.0132,0.0112
13.11.2023 06:42:10.202 GMT-0800,22.714000000000002,22.686,0.0132,0.0132
13.11.2023 06:42:10.585 GMT-0800,22.713,22.686999999999998,0.0132,0.0112
13.11.2023 06:42:15.257 GMT-0800,22.724,22.695999999999998,0.0132,0.0132
13.11.2023 06:42:15.989 GMT-0800,22.713,22.697,0.0009,0.0132
13.11.2023 06:42:16.745 GMT-0800,22.723000000000003,22.697,0.0132,0.0132
13.11.2023 06:42:17.225 GMT-0800,22.714000000000002,22.695999999999998,0.0132,0.0132
13.11.2023 06:42:19.729 GMT-0800,22.723000000000003,22.697,0.0132,0.0132
13.11.2023 06:42:20.235 GMT-0800,22.713,22.697,0.0009,0.0132
13.11.2023 06:42:20.286 GMT-0800,22.724,22.695999999999998,0.0132,0.0132
13.11.2023 06:42:22.622 GMT-0800,22.714000000000002,22.695999999999998,0.0009,0.0132
13.11.2023 06:42:23.601 GMT-0800,22.723000000000003,22.697,0.0132,0.0132
13.11.2023 06:42:23.957 GMT-0800,22.724,22.695999999999998,0.0132,0.0112
13.11.2023 06:42:24.312 GMT-0800,22.724,22.695999999999998,0.0132,0.0132
13.11.2023 06:42:24.511 GMT-0800,22.723000000000003,22.697,0.0132,0.0112
13.11.2023 06:42:26.287 GMT-0800,22.713,22.706999999999997,0.0009,0.009
13.11.2023 06:42:26.338 GMT-0800,22.713,22.697,0.0132,0.0132
13.11.2023 06:42:31.638 GMT-0800,22.704,22.686,0.0132,0.0132
13.11.2023 06:42:31.848 GMT-0800,22.704,22.686,0.009,0.0112
13.11.2023 06:42:31.988 GMT-0800,22.713,22.697,0.0132,0.0132
13.11.2023 06:42:32.204 GMT-0800,22.723000000000003,22.706999999999997,0.0132,0.0132
13.11.2023 06:42:33.528 GMT-0800,22.713,22.697,0.0132,0.0132
13.11.2023 06:42:33.629 GMT-0800,22.703000000000003,22.697,0.0009,0.009
13.11.2023 06:42:33.680 GMT-0800,22.713,22.686999999999998,0.0132,0.0132
13.11.2023 06:42:33.915 GMT-0800,22.703000000000003,22.686999999999998,0.0009,0.0132
13.11.2023 06:42:34.601 GMT-0800,22.713,22.686999999999998,0.0132,0.0132
13.11.2023 06:42:35.068 GMT-0800,22.714000000000002,22.686,0.0132,0.0112
13.11.2023 06:42:35.169 GMT-0800,22.704,22.686,0.0132,0.0132
13.11.2023 06:42:40.475 GMT-0800,22.703000000000003,22.677,0.0132,0.0132
13.11.2023 06:42:40.525 GMT-0800,22.703000000000003,22.677,0.0132,0.0112
13.11.2023 06:42:40.585 GMT-0800,22.703000000000003,22.677,0.0132,0.0132
13.11.2023 06:42:40.636 GMT-0800,22.693,22.677,0.0009,0.0132
13.11.2023 06:42:40.791 GMT-0800,22.694000000000003,22.676,0.009,0.0112
13.11.2023 06:42:40.855 GMT-0800,22.703000000000003,22.686999999999998,0.0132,0.0132
13.11.2023 06:42:41.154 GMT-0800,22.694000000000003,22.686,0.0009,0.009
13.11.2023 06:42:41.206 GMT-0800,22.703000000000003,22.686999999999998,0.0132,0.009
13.11.2023 06:42:41.256 GMT-0800,22.693,22.677,0.0132,0.0132
13.11.2023 06:42:42.400 GMT-0800,22.694000000000003,22.666,0.0132,0.0132
13.11.2023 06:42:44.341 GMT-0800,22.683000000000003,22.666999999999998,0.0009,0.0132
13.11.2023 06:42:45.432 GMT-0800,22.694000000000003,22.666,0.0132,0.0132
13.11.2023 06:42:46.681 GMT-0800,22.693,22.666999999999998,0.0132,0.0112
13.11.2023 06:42:47.166 GMT-0800,22.694000000000003,22.666,0.0132,0.0132
13.11.2023 06:42:48.032 GMT-0800,22.683000000000003,22.666999999999998,0.0009,0.0132
13.11.2023 06:42:48.768 GMT-0800,22.693,22.666999999999998,0.0132,0.0132
13.11.2023 06:42:49.410 GMT-0800,22.694000000000003,22.666,0.0132,0.0112
13.11.2023 06:42:49.461 GMT-0800,22.693,22.666999999999998,0.0132,0.0132
13.11.2023 06:42:49.511 GMT-0800,22.694000000000003,22.676,0.0132,0.0132
13.11.2023 06:42:53.238 GMT-0800,22.703000000000003,22.677,0.0132,0.0132
13.11.2023 06:42:57.416 GMT-0800,22.704,22.676,0.009,0.0112
13.11.2023 06:42:57.519 GMT-0800,22.703000000000003,22.677,0.009,0.0112
13.11.2023 06:42:57.572 GMT-0800,22.713,22.697,0.0132,0.0132
13.11.2023 06:43:22.322 GMT-0800,22.713,22.697,0.009,0.0112
13.11.2023 06:43:22.373 GMT-0800,22.733,22.717,0.0132,0.0132
13.11.2023 06:43:39.414 GMT-0800,22.713,22.697,0.0132,0.0132
13.11.2023 06:43:47.206 GMT-0800,22.724,22.695999999999998,0.0132,0.0132
13.11.2023 06:43:47.257 GMT-0800,22.713,22.697,0.0009,0.0132
13.11.2023 06:43:47.778 GMT-0800,22.723000000000003,22.697,0.0132,0.0132
13.11.2023 06:43:47.926 GMT-0800,22.713,22.697,0.0009,0.0132
13.11.2023 06:43:49.496 GMT-0800,22.724,22.695999999999998,0.0132,0.0132
13.11.2023 06:43:50.353 GMT-0800,22.723000000000003,22.697,0.009,0.0112
13.11.2023 06:43:50.454 GMT-0800,22.733,22.717,0.0132,0.0132
13.11.2023 06:43:51.363 GMT-0800,22.744,22.716,0.0132,0.0132
13.11.2023 06:43:52.269 GMT-0800,22.744,22.716,0.0132,0.0112
13.11.2023 06:43:52.601 GMT-0800,22.743000000000002,22.717,0.0132,0.0132
13.11.2023 06:43:52.652 GMT-0800,22.734,22.716,0.0132,0.0132
13.11.2023 06:43:55.414 GMT-0800,22.744,22.716,0.0132,0.0132
13.11.2023 06:43:56.817 GMT-0800,22.743000000000002,22.717,0.0132,0.0112
13.11.2023 06:43:57.774 GMT-0800,22.744,22.716,0.0132,0.0132
13.11.2023 06:44:00.003 GMT-0800,22.734,22.716,0.0009,0.0132
13.11.2023 06:44:00.155 GMT-0800,22.733,22.706999999999997,0.0132,0.0132
13.11.2023 06:44:00.312 GMT-0800,22.733,22.706999999999997,0.0132,0.0112
13.11.2023 06:44:07.383 GMT-0800,22.733,22.717,0.009,0.0112
13.11.2023 06:44:07.435 GMT-0800,22.734,22.716,0.0132,0.0132
13.11.2023 06:44:12.122 GMT-0800,22.734,22.716,0.009,0.0112
13.11.2023 06:44:12.172 GMT-0800,22.744,22.726,0.0132,0.0132
13.11.2023 06:44:12.945 GMT-0800,22.753000000000004,22.727,0.0132,0.0132
13.11.2023 06:44:16.206 GMT-0800,22.743000000000002,22.727,0.0009,0.0132
13.11.2023 06:44:17.307 GMT-0800,22.764000000000003,22.726,0.0132,0.0132
13.11.2023 06:44:17.405 GMT-0800,22.754,22.726,0.0009,0.0112
13.11.2023 06:44:23.638 GMT-0800,22.77,22.736,0.009,0.0132
13.11.2023 06:44:23.694 GMT-0800,22.843000000000004,22.737,0.0132,0.0132
13.11.2023 06:44:24.262 GMT-0800,22.753000000000004,22.737,0.0009,0.0132
13.11.2023 06:44:25.501 GMT-0800,22.844,22.736,0.0132,0.0132
13.11.2023 06:44:25.552 GMT-0800,22.753000000000004,22.737,0.0009,0.0132
13.11.2023 06:44:27.094 GMT-0800,22.763,22.747,0.0132,0.0132
13.11.2023 06:44:29.544 GMT-0800,22.764000000000003,22.736,0.0132,0.0132
13.11.2023 06:44:29.595 GMT-0800,22.754,22.736,0.0009,0.0132
13.11.2023 06:44:31.600 GMT-0800,22.763,22.737,0.0132,0.0132
13.11.2023 06:44:32.504 GMT-0800,22.753000000000004,22.737,0.0009,0.0132
13.11.2023 06:44:33.168 GMT-0800,22.763,22.747,0.0132,0.0132
13.11.2023 06:44:34.142 GMT-0800,22.763,22.737,0.0132,0.0132
13.11.2023 06:44:34.232 GMT-0800,22.763,22.737,0.0132,0.0112
13.11.2023 06:44:36.746 GMT-0800,22.753000000000004,22.737,0.0132,0.0132
13.11.2023 06:44:48.710 GMT-0800,22.743000000000002,22.737,0.0009,0.009
13.11.2023 06:44:48.761 GMT-0800,22.743000000000002,22.717,0.0132,0.0132
13.11.2023 06:44:49.013 GMT-0800,22.734,22.716,0.0009,0.0132
13.11.2023 06:44:50.130 GMT-0800,22.743000000000002,22.727,0.0132,0.0132
13.11.2023 06:44:51.530 GMT-0800,22.744,22.726,0.009,0.0112
13.11.2023 06:44:51.580 GMT-0800,22.754,22.736,0.0132,0.0132
13.11.2023 06:45:00.108 GMT-0800,22.754,22.736,0.009,0.0112
13.11.2023 06:45:00.209 GMT-0800,22.764000000000003,22.746,0.0132,0.0132
13.11.2023 06:45:01.809 GMT-0800,22.763,22.747,0.009,0.0112
13.11.2023 06:45:01.860 GMT-0800,22.773000000000003,22.756999999999998,0.0132,0.0132
13.11.2023 06:45:02.250 GMT-0800,22.773000000000003,22.756999999999998,0.009,0.0112
13.11.2023 06:45:02.300 GMT-0800,22.783,22.767,0.0132,0.0132
13.11.2023 06:45:04.433 GMT-0800,22.774,22.766,0.0009,0.009
13.11.2023 06:45:04.484 GMT-0800,22.774,22.756,0.0132,0.0132
13.11.2023 06:45:04.748 GMT-0800,22.783,22.756999999999998,0.0132,0.0132
13.11.2023 06:45:05.108 GMT-0800,22.773000000000003,22.756999999999998,0.0009,0.0132
13.11.2023 06:45:05.159 GMT-0800,22.784000000000002,22.756,0.0132,0.0132
13.11.2023 06:45:05.420 GMT-0800,22.784000000000002,22.756,0.0132,0.0112
13.11.2023 06:45:06.831 GMT-0800,22.774,22.766,0.0009,0.009
13.11.2023 06:45:06.947 GMT-0800,22.774,22.756,0.0132,0.0132
13.11.2023 06:45:07.810 GMT-0800,22.784000000000002,22.756,0.0132,0.0132
13.11.2023 06:45:08.547 GMT-0800,22.773000000000003,22.756999999999998,0.0009,0.0132
13.11.2023 06:45:10.138 GMT-0800,22.783,22.756999999999998,0.0132,0.0132
13.11.2023 06:45:14.622 GMT-0800,22.783,22.756999999999998,0.0132,0.0112
13.11.2023 06:45:18.557 GMT-0800,22.793000000000003,22.767,0.0132,0.0132
13.11.2023 06:45:18.607 GMT-0800,22.783,22.767,0.0132,0.0132
13.11.2023 06:45:19.791 GMT-0800,22.793000000000003,22.767,0.0132,0.0132
13.11.2023 06:45:20.087 GMT-0800,22.793000000000003,22.767,0.0132,0.0112
13.11.2023 06:45:34.595 GMT-0800,22.814,22.785999999999998,0.0132,0.0132
13.11.2023 06:45:34.891 GMT-0800,22.804000000000002,22.785999999999998,0.0009,0.0132
13.11.2023 06:45:36.982 GMT-0800,22.794,22.785999999999998,0.0009,0.009
13.11.2023 06:45:37.032 GMT-0800,22.794,22.776,0.0132,0.0132
13.11.2023 06:45:37.083 GMT-0800,22.793000000000003,22.776999999999997,0.009,0.0112
13.11.2023 06:45:37.134 GMT-0800,22.804000000000002,22.785999999999998,0.0132,0.0132
13.11.2023 06:45:43.442 GMT-0800,22.814,22.785999999999998,0.0132,0.0132
13.11.2023 06:45:43.776 GMT-0800,22.804000000000002,22.785999999999998,0.0009,0.0132
13.11.2023 06:45:44.270 GMT-0800,22.804000000000002,22.776,0.0132,0.0132
13.11.2023 06:45:44.520 GMT-0800,22.804000000000002,22.776,0.0132,0.0112
13.11.2023 06:45:47.197 GMT-0800,22.804000000000002,22.776,0.0132,0.0132
13.11.2023 06:45:49.295 GMT-0800,22.803,22.776999999999997,0.0132,0.0112
13.11.2023 06:45:56.885 GMT-0800,22.783,22.767,0.0132,0.0132
13.11.2023 06:45:57.230 GMT-0800,22.784000000000002,22.756,0.0132,0.0132
13.11.2023 06:45:57.281 GMT-0800,22.784000000000002,22.766,0.0132,0.0132
13.11.2023 06:46:27.779 GMT-0800,22.794,22.766,0.0132,0.0132
13.11.2023 06:46:32.262 GMT-0800,22.784000000000002,22.766,0.0009,0.0132
13.11.2023 06:46:34.812 GMT-0800,22.784000000000002,22.756,0.0132,0.0132
13.11.2023 06:46:36.130 GMT-0800,22.773000000000003,22.756999999999998,0.0009,0.0132
13.11.2023 06:46:43.150 GMT-0800,22.774,22.756,0.009,0.0112
13.11.2023 06:46:43.210 GMT-0800,22.783,22.767,0.0132,0.0132
13.11.2023 06:46:43.408 GMT-0800,22.794,22.766,0.0132,0.0132
13.11.2023 06:46:44.263 GMT-0800,22.794,22.766,0.0132,0.0112
13.11.2023 06:46:44.467 GMT-0800,22.803,22.776999999999997,0.0132,0.0132
13.11.2023 06:46:44.919 GMT-0800,22.793000000000003,22.776999999999997,0.0009,0.0132
13.11.2023 06:46:47.299 GMT-0800,22.804000000000002,22.776,0.0132,0.0132
13.11.2023 06:46:48.816 GMT-0800,22.794,22.776,0.0009,0.0132
13.11.2023 06:46:52.143 GMT-0800,22.803,22.776999999999997,0.0132,0.0132
13.11.2023 06:46:52.911 GMT-0800,22.804000000000002,22.776,0.0132,0.0112
13.11.2023 06:46:54.281 GMT-0800,22.813000000000002,22.787,0.0132,0.0132
13.11.2023 06:46:55.767 GMT-0800,22.813000000000002,22.787,0.0132,0.0112
13.11.2023 06:46:55.818 GMT-0800,22.823000000000004,22.796999999999997,0.0132,0.0132
13.11.2023 06:46:56.947 GMT-0800,22.814,22.796,0.0009,0.0132
13.11.2023 06:47:00.162 GMT-0800,22.823000000000004,22.796999999999997,0.0132,0.0132
13.11.2023 06:47:01.612 GMT-0800,22.814,22.796,0.0009,0.0132
13.11.2023 06:47:01.894 GMT-0800,22.824,22.796,0.0132,0.0132
13.11.2023 06:47:02.043 GMT-0800,22.813000000000002,22.796999999999997,0.0009,0.0132
13.11.2023 06:47:03.836 GMT-0800,22.803,22.796999999999997,0.0009,0.009
13.11.2023 06:47:03.887 GMT-0800,22.804000000000002,22.785999999999998,0.0132,0.0132
13.11.2023 06:47:10.340 GMT-0800,22.794,22.785999999999998,0.0009,0.009
13.11.2023 06:47:10.391 GMT-0800,22.794,22.776,0.0132,0.0132
13.11.2023 06:47:10.677 GMT-0800,22.803,22.776999999999997,0.0132,0.0132
13.11.2023 06:47:10.973 GMT-0800,22.793000000000003,22.776999999999997,0.0009,0.0132
13.11.2023 06:47:11.979 GMT-0800,22.804000000000002,22.785999999999998,0.0132,0.0132
13.11.2023 06:47:12.670 GMT-0800,22.813000000000002,22.787,0.0132,0.0132
13.11.2023 06:47:14.936 GMT-0800,22.814,22.785999999999998,0.0132,0.0112
13.11.2023 06:47:15.103 GMT-0800,22.823000000000004,22.796999999999997,0.0132,0.0132
13.11.2023 06:47:15.201 GMT-0800,22.814,22.796,0.0009,0.0132
13.11.2023 06:47:15.844 GMT-0800,22.823000000000004,22.796999999999997,0.0132,0.0132
13.11.2023 06:47:17.979 GMT-0800,22.823000000000004,22.796999999999997,0.0132,0.0112
13.11.2023 06:47:21.356 GMT-0800,22.833000000000002,22.807,0.0132,0.0132
13.11.2023 06:47:31.038 GMT-0800,22.833000000000002,22.807,0.0132,0.0112
13.11.2023 06:47:31.269 GMT-0800,22.843000000000004,22.817,0.0132,0.0132
13.11.2023 06:47:32.131 GMT-0800,22.833000000000002,22.817,0.0009,0.0132
13.11.2023 06:47:33.603 GMT-0800,22.824,22.816,0.0009,0.009
13.11.2023 06:47:33.654 GMT-0800,22.823000000000004,22.807,0.0132,0.0132
13.11.2023 06:47:34.737 GMT-0800,22.833000000000002,22.807,0.0132,0.0132
13.11.2023 06:47:34.788 GMT-0800,22.833000000000002,22.807,0.0132,0.0112
13.11.2023 06:47:35.179 GMT-0800,22.833000000000002,22.807,0.0132,0.0132
13.11.2023 06:47:35.266 GMT-0800,22.823000000000004,22.807,0.0009,0.0132
13.11.2023 06:47:53.282 GMT-0800,22.824,22.806,0.009,0.0112
13.11.2023 06:47:53.333 GMT-0800,22.834,22.816,0.0132,0.0132
13.11.2023 06:47:56.743 GMT-0800,22.844,22.816,0.0132,0.0132
13.11.2023 06:47:57.447 GMT-0800,22.843000000000004,22.817,0.0132,0.0112
13.11.2023 06:47:57.548 GMT-0800,22.833000000000002,22.817,0.0132,0.0132
13.11.2023 06:47:58.677 GMT-0800,22.833000000000002,22.807,0.0132,0.0132
13.11.2023 06:48:00.110 GMT-0800,22.823000000000004,22.807,0.0009,0.0132
13.11.2023 06:48:04.783 GMT-0800,22.833000000000002,22.817,0.0132,0.0132
13.11.2023 06:48:06.181 GMT-0800,22.843000000000004,22.817,0.0132,0.0132
13.11.2023 06:48:11.820 GMT-0800,22.843000000000004,22.817,0.0132,0.0112
13.11.2023 06:48:11.870 GMT-0800,22.843000000000004,22.817,0.0132,0.0132
13.11.2023 06:48:11.958 GMT-0800,22.844,22.816,0.0132,0.0112
13.11.2023 06:48:12.742 GMT-0800,22.843000000000004,22.817,0.0132,0.0132
13.11.2023 06:48:15.351 GMT-0800,22.844,22.816,0.0132,0.0112
13.11.2023 06:48:20.124 GMT-0800,22.844,22.816,0.0132,0.0132
13.11.2023 06:48:20.997 GMT-0800,22.844,22.816,0.0132,0.0112
13.11.2023 06:48:21.974 GMT-0800,22.843000000000004,22.826999999999998,0.009,0.0112
13.11.2023 06:48:22.025 GMT-0800,22.854000000000003,22.836,0.0132,0.0132
13.11.2023 06:48:26.147 GMT-0800,22.844,22.826,0.0132,0.0132
13.11.2023 06:48:27.719 GMT-0800,22.853,22.837,0.0132,0.0132
13.11.2023 06:48:29.433 GMT-0800,22.854000000000003,22.836,0.009,0.0112
13.11.2023 06:48:29.484 GMT-0800,22.864,22.846,0.0132,0.0132
13.11.2023 06:48:33.235 GMT-0800,22.863000000000003,22.837,0.0132,0.0132
13.11.2023 06:48:36.330 GMT-0800,22.853,22.837,0.0009,0.0132
13.11.2023 06:48:36.597 GMT-0800,22.853,22.826999999999998,0.0132,0.0132
13.11.2023 06:48:36.647 GMT-0800,22.843000000000004,22.826999999999998,0.0009,0.0132
13.11.2023 06:48:41.055 GMT-0800,22.843000000000004,22.826999999999998,0.009,0.0112
13.11.2023 06:48:41.106 GMT-0800,22.854000000000003,22.836,0.0132,0.0132
13.11.2023 06:48:42.062 GMT-0800,22.853,22.826999999999998,0.0132,0.0132
13.11.2023 06:48:42.176 GMT-0800,22.844,22.826,0.0132,0.0132
13.11.2023 06:48:42.614 GMT-0800,22.853,22.837,0.0132,0.009
13.11.2023 06:48:42.668 GMT-0800,22.854000000000003,22.826,0.0132,0.0132
13.11.2023 06:48:42.718 GMT-0800,22.853,22.837,0.0132,0.0132
13.11.2023 06:48:42.949 GMT-0800,22.854000000000003,22.826,0.0132,0.0132
13.11.2023 06:48:43.000 GMT-0800,22.853,22.837,0.0132,0.0132
13.11.2023 06:48:43.312 GMT-0800,22.844,22.826,0.0132,0.0132
13.11.2023 06:48:43.362 GMT-0800,22.853,22.826999999999998,0.0132,0.0132
13.11.2023 06:48:44.748 GMT-0800,22.854000000000003,22.826,0.0132,0.0112
13.11.2023 06:48:45.422 GMT-0800,22.863000000000003,22.837,0.0132,0.0132
13.11.2023 06:48:45.672 GMT-0800,22.864,22.836,0.0132,0.0112
13.11.2023 06:48:54.237 GMT-0800,22.873,22.846999999999998,0.0132,0.0132
13.11.2023 06:48:54.448 GMT-0800,22.864,22.846,0.0009,0.0132
13.11.2023 06:48:55.817 GMT-0800,22.873,22.846999999999998,0.0132,0.0132
13.11.2023 06:48:55.877 GMT-0800,22.863000000000003,22.846999999999998,0.0009,0.0132
13.11.2023 06:49:05.727 GMT-0800,22.873,22.846999999999998,0.0132,0.0132
13.11.2023 06:49:06.608 GMT-0800,22.883000000000003,22.846999999999998,0.0132,0.0132
13.11.2023 06:49:06.659 GMT-0800,22.873,22.857,0.0132,0.0132
13.11.2023 06:49:07.614 GMT-0800,22.883000000000003,22.857,0.0132,0.0132
13.11.2023 06:49:09.869 GMT-0800,22.873,22.857,0.0009,0.0132
13.11.2023 06:49:10.169 GMT-0800,22.883000000000003,22.857,0.0132,0.0132
13.11.2023 06:49:13.758 GMT-0800,22.873,22.857,0.0009,0.0132
13.11.2023 06:49:13.808 GMT-0800,22.883000000000003,22.857,0.0132,0.0132
13.11.2023 06:49:14.373 GMT-0800,22.884,22.855999999999998,0.0132,0.0112
13.11.2023 06:49:16.604 GMT-0800,22.894000000000002,22.866,0.0132,0.0132
13.11.2023 06:49:16.799 GMT-0800,22.893,22.866999999999997,0.0132,0.0112
13.11.2023 06:49:20.027 GMT-0800,22.893,22.877,0.009,0.0112
13.11.2023 06:49:20.077 GMT-0800,22.903000000000002,22.877,0.0132,0.0132
13.11.2023 06:49:20.665 GMT-0800,22.894000000000002,22.876,0.0009,0.0132
13.11.2023 06:49:20.766 GMT-0800,22.883000000000003,22.866999999999997,0.0132,0.0132
13.11.2023 06:49:21.726 GMT-0800,22.894000000000002,22.866,0.0132,0.0132
13.11.2023 06:49:27.810 GMT-0800,22.883000000000003,22.866999999999997,0.0009,0.0132
13.11.2023 06:49:32.266 GMT-0800,22.874000000000002,22.855999999999998,0.009,0.0132
13.11.2023 06:49:32.317 GMT-0800,22.884,22.855999999999998,0.0132,0.0132
13.11.2023 06:49:32.447 GMT-0800,22.873,22.857,0.0009,0.0132
13.11.2023 06:49:57.417 GMT-0800,22.873,22.857,0.009,0.0112
13.11.2023 06:49:57.468 GMT-0800,22.884,22.866,0.0132,0.0132
13.11.2023 06:50:01.368 GMT-0800,22.874000000000002,22.855999999999998,0.0132,0.0132
13.11.2023 06:50:03.862 GMT-0800,22.864,22.855999999999998,0.0009,0.009
13.11.2023 06:50:03.918 GMT-0800,22.863000000000003,22.846999999999998,0.0132,0.0132
13.11.2023 06:50:06.754 GMT-0800,22.874000000000002,22.855999999999998,0.0132,0.0132
13.11.2023 06:50:07.070 GMT-0800,22.874000000000002,22.846,0.0132,0.0132
13.11.2023 06:50:07.448 GMT-0800,22.873,22.846999999999998,0.0132,0.0112
13.11.2023 06:50:10.909 GMT-0800,22.884,22.855999999999998,0.0132,0.0132
13.11.2023 06:50:11.406 GMT-0800,22.884,22.855999999999998,0.0132,0.0112
13.11.2023 06:50:16.288 GMT-0800,22.884,22.855999999999998,0.0132,0.0132
13.11.2023 06:50:16.842 GMT-0800,22.873,22.857,0.0132,0.0132
13.11.2023 06:50:26.990 GMT-0800,22.884,22.866,0.0132,0.0132
13.11.2023 06:50:27.318 GMT-0800,22.893,22.866999999999997,0.0132,0.0132
13.11.2023 06:50:28.604 GMT-0800,22.884,22.866,0.0009,0.0132
13.11.2023 06:50:30.713 GMT-0800,22.894000000000002,22.866,0.0132,0.0132
13.11.2023 06:50:33.248 GMT-0800,22.903000000000002,22.877,0.0132,0.0132
13.11.2023 06:50:34.712 GMT-0800,22.894000000000002,22.876,0.0009,0.0132
13.11.2023 06:50:36.153 GMT-0800,22.904,22.876,0.0132,0.0132
13.11.2023 06:50:39.055 GMT-0800,22.904,22.876,0.0132,0.0112
13.11.2023 06:50:39.157 GMT-0800,22.913000000000004,22.886999999999997,0.0132,0.0132
13.11.2023 06:50:44.350 GMT-0800,22.914,22.886,0.0132,0.0112
13.11.2023 06:50:58.118 GMT-0800,22.913000000000004,22.897,0.009,0.0112
13.11.2023 06:50:58.169 GMT-0800,22.923000000000002,22.907,0.0132,0.0132
13.11.2023 06:51:00.759 GMT-0800,22.933000000000003,22.907,0.0132,0.0132
13.11.2023 06:51:01.499 GMT-0800,22.924000000000003,22.906,0.0132,0.0132
13.11.2023 06:51:05.014 GMT-0800,22.924000000000003,22.906,0.009,0.0112
13.11.2023 06:51:05.155 GMT-0800,22.934,22.916,0.0132,0.0132
13.11.2023 06:51:06.077 GMT-0800,22.944000000000003,22.916,0.0132,0.0132
13.11.2023 06:51:06.569 GMT-0800,22.934,22.916,0.0009,0.0132
13.11.2023 06:51:12.427 GMT-0800,22.943,22.916999999999998,0.0132,0.0132
13.11.2023 06:51:15.349 GMT-0800,22.943,22.916999999999998,0.009,0.0112
13.11.2023 06:51:16.973 GMT-0800,22.954,22.936,0.0132,0.0132
13.11.2023 06:51:19.706 GMT-0800,22.953000000000003,22.927,0.0132,0.0132
13.11.2023 06:51:21.511 GMT-0800,22.943,22.927,0.0009,0.0132
13.11.2023 06:51:21.562 GMT-0800,22.953000000000003,22.927,0.0132,0.0132
13.11.2023 06:51:23.730 GMT-0800,22.954,22.926,0.0132,0.0112
13.11.2023 06:51:24.400 GMT-0800,22.944000000000003,22.936,0.0009,0.009
13.11.2023 06:51:24.450 GMT-0800,22.944000000000003,22.926,0.0132,0.0132
13.11.2023 06:51:25.505 GMT-0800,22.953000000000003,22.936999999999998,0.0132,0.0132
13.11.2023 06:51:26.595 GMT-0800,22.944000000000003,22.936,0.0009,0.009
13.11.2023 06:51:26.646 GMT-0800,22.944000000000003,22.926,0.0132,0.0132
13.11.2023 06:51:33.976 GMT-0800,22.953000000000003,22.927,0.0132,0.0132
13.11.2023 06:51:37.788 GMT-0800,22.954,22.926,0.0132,0.0112
13.11.2023 06:51:38.033 GMT-0800,22.953000000000003,22.927,0.0132,0.0132
13.11.2023 06:51:38.732 GMT-0800,22.953000000000003,22.927,0.0132,0.0112
13.11.2023 06:51:41.930 GMT-0800,22.953000000000003,22.927,0.0132,0.0132
13.11.2023 06:51:45.301 GMT-0800,22.954,22.926,0.0132,0.0112
13.11.2023 06:51:46.820 GMT-0800,22.963,22.936999999999998,0.0132,0.0132
13.11.2023 06:51:47.053 GMT-0800,22.954,22.936,0.0009,0.0132
13.11.2023 06:51:52.237 GMT-0800,22.963,22.936999999999998,0.0132,0.0132
13.11.2023 06:51:52.287 GMT-0800,22.953000000000003,22.936999999999998,0.0132,0.0132
13.11.2023 06:51:52.466 GMT-0800,22.963,22.936999999999998,0.0132,0.0132
13.11.2023 06:51:53.099 GMT-0800,22.953000000000003,22.936999999999998,0.0009,0.0132
13.11.2023 06:51:53.230 GMT-0800,22.963,22.936999999999998,0.0132,0.0132
13.11.2023 06:51:53.281 GMT-0800,22.954,22.936,0.0009,0.0132
13.11.2023 06:51:56.941 GMT-0800,22.983,22.956999999999997,0.0132,0.0132
13.11.2023 06:51:57.211 GMT-0800,22.984,22.956,0.009,0.0112
13.11.2023 06:51:57.262 GMT-0800,22.993000000000002,22.967,0.0132,0.0132
13.11.2023 06:51:58.384 GMT-0800,22.994,22.966,0.0132,0.0112
13.11.2023 06:52:01.446 GMT-0800,22.994,22.966,0.0132,0.0132
13.11.2023 06:52:02.317 GMT-0800,22.993000000000002,22.967,0.0132,0.0112
13.11.2023 06:52:05.833 GMT-0800,23.004,22.976,0.0132,0.0132
13.11.2023 06:52:06.905 GMT-0800,22.994,22.976,0.0009,0.0132
13.11.2023 06:52:08.105 GMT-0800,22.973000000000003,22.956999999999997,0.0132,0.0132
13.11.2023 06:52:11.854 GMT-0800,22.973000000000003,22.956999999999997,0.009,0.0112
13.11.2023 06:52:11.955 GMT-0800,22.984,22.966,0.0132,0.0132
13.11.2023 06:52:28.513 GMT-0800,22.973000000000003,22.956999999999997,0.0132,0.0132
13.11.2023 06:52:28.625 GMT-0800,22.973000000000003,22.947,0.0132,0.0132
13.11.2023 06:52:28.811 GMT-0800,22.974,22.945999999999998,0.0132,0.0112
13.11.2023 06:52:30.789 GMT-0800,22.973000000000003,22.947,0.0132,0.0132
13.11.2023 06:52:33.860 GMT-0800,22.964000000000002,22.945999999999998,0.0009,0.0132
13.11.2023 06:52:33.962 GMT-0800,22.954,22.936,0.0132,0.0132
13.11.2023 06:52:34.770 GMT-0800,22.953000000000003,22.927,0.0132,0.0132
13.11.2023 06:52:35.511 GMT-0800,22.953000000000003,22.927,0.0132,0.0112
13.11.2023 06:52:36.218 GMT-0800,22.954,22.926,0.0132,0.0132
13.11.2023 06:52:37.118 GMT-0800,22.944000000000003,22.926,0.0009,0.0132
13.11.2023 06:52:37.878 GMT-0800,22.934,22.916,0.0132,0.0132
13.11.2023 06:52:37.979 GMT-0800,22.944000000000003,22.916,0.0132,0.0132
13.11.2023 06:52:38.137 GMT-0800,22.933000000000003,22.916999999999998,0.0009,0.0132
13.11.2023 06:52:39.952 GMT-0800,22.943,22.927,0.0132,0.0132
13.11.2023 06:52:49.855 GMT-0800,22.944000000000003,22.916,0.0132,0.0132
13.11.2023 06:52:49.906 GMT-0800,22.943,22.927,0.0132,0.0132
13.11.2023 06:52:50.625 GMT-0800,22.944000000000003,22.916,0.0132,0.0132
13.11.2023 06:52:51.914 GMT-0800,22.943,22.916999999999998,0.0132,0.0112
13.11.2023 06:52:55.364 GMT-0800,22.944000000000003,22.916,0.0132,0.0132
13.11.2023 06:53:02.924 GMT-0800,22.933000000000003,22.916999999999998,0.0009,0.0132
13.11.2023 06:53:02.975 GMT-0800,22.934,22.906,0.0132,0.0132
13.11.2023 06:53:03.025 GMT-0800,22.934,22.916,0.0132,0.0132
13.11.2023 06:53:10.335 GMT-0800,22.933000000000003,22.916999999999998,0.009,0.0112
13.11.2023 06:53:10.385 GMT-0800,22.943,22.927,0.0132,0.0132
13.11.2023 06:53:22.091 GMT-0800,22.934,22.926,0.0009,0.009
13.11.2023 06:53:22.142 GMT-0800,22.933000000000003,22.916999999999998,0.0132,0.0132
13.11.2023 06:53:22.450 GMT-0800,22.934,22.906,0.0132,0.0132
13.11.2023 06:53:22.854 GMT-0800,22.934,22.906,0.0132,0.0112
13.11.2023 06:53:23.513 GMT-0800,22.933000000000003,22.907,0.0132,0.0132
13.11.2023 06:53:24.396 GMT-0800,22.934,22.906,0.0132,0.0112
13.11.2023 06:53:26.443 GMT-0800,22.924000000000003,22.916,0.0009,0.009
13.11.2023 06:53:26.494 GMT-0800,22.923000000000002,22.907,0.0132,0.0132
13.11.2023 06:53:29.147 GMT-0800,22.924000000000003,22.906,0.009,0.0112
13.11.2023 06:53:29.197 GMT-0800,22.934,22.916,0.0132,0.0132
13.11.2023 06:53:43.760 GMT-0800,22.924000000000003,22.916,0.0009,0.009
13.11.2023 06:53:43.861 GMT-0800,22.924000000000003,22.906,0.0132,0.0132
13.11.2023 06:54:00.943 GMT-0800,22.913000000000004,22.907,0.0009,0.009
13.11.2023 06:54:00.994 GMT-0800,22.903000000000002,22.886999999999997,0.0132,0.0132
13.11.2023 06:54:02.755 GMT-0800,22.914,22.896,0.0132,0.0132
13.11.2023 06:54:03.209 GMT-0800,22.914,22.886,0.0132,0.0132
13.11.2023 06:54:07.496 GMT-0800,22.913000000000004,22.886999999999997,0.0132,0.0112
13.11.2023 06:54:16.155 GMT-0800,22.924000000000003,22.906,0.0132,0.0132
13.11.2023 06:54:16.981 GMT-0800,22.934,22.916,0.0132,0.0132
13.11.2023 06:54:19.686 GMT-0800,22.933000000000003,22.907,0.0132,0.0132
13.11.2023 06:54:20.760 GMT-0800,22.933000000000003,22.907,0.0132,0.0112
13.11.2023 06:54:34.505 GMT-0800,22.923000000000002,22.907,0.009,0.0112
13.11.2023 06:54:34.557 GMT-0800,22.924000000000003,22.906,0.0132,0.0132
13.11.2023 06:54:35.375 GMT-0800,22.934,22.906,0.0132,0.0112
13.11.2023 06:54:40.078 GMT-0800,22.934,22.916,0.009,0.0112
13.11.2023 06:54:40.128 GMT-0800,22.944000000000003,22.926,0.0132,0.0132
13.11.2023 06:54:41.869 GMT-0800,22.934,22.916,0.0132,0.0132
13.11.2023 06:54:45.152 GMT-0800,22.924000000000003,22.916,0.0009,0.009
13.11.2023 06:54:45.203 GMT-0800,22.923000000000002,22.907,0.0132,0.0132
13.11.2023 06:54:45.425 GMT-0800,22.924000000000003,22.896,0.0132,0.0132
13.11.2023 06:54:46.430 GMT-0800,22.913000000000004,22.897,0.0009,0.0132
13.11.2023 06:54:49.929 GMT-0800,22.913000000000004,22.886999999999997,0.0132,0.0132
13.11.2023 06:54:51.974 GMT-0800,22.914,22.886,0.0132,0.0112
13.11.2023 06:54:56.467 GMT-0800,22.914,22.886,0.0132,0.0132
13.11.2023 06:54:57.170 GMT-0800,22.913000000000004,22.886999999999997,0.0132,0.0112
13.11.2023 06:54:58.768 GMT-0800,22.923000000000002,22.907,0.0132,0.0132
13.11.2023 06:55:04.228 GMT-0800,22.923000000000002,22.897,0.0132,0.0132
13.11.2023 06:55:04.369 GMT-0800,22.923000000000002,22.897,0.0132,0.0112
13.11.2023 06:55:05.494 GMT-0800,22.924000000000003,22.896,0.0132,0.0132
13.11.2023 06:55:06.135 GMT-0800,22.924000000000003,22.896,0.0132,0.0112
13.11.2023 06:55:07.788 GMT-0800,22.923000000000002,22.897,0.0132,0.0132
13.11.2023 06:55:09.333 GMT-0800,22.913000000000004,22.897,0.0009,0.0132
13.11.2023 06:55:11.002 GMT-0800,22.914,22.896,0.009,0.0112
13.11.2023 06:55:11.083 GMT-0800,22.924000000000003,22.906,0.0132,0.0132
13.11.2023 06:55:13.212 GMT-0800,22.923000000000002,22.897,0.0132,0.0132
13.11.2023 06:55:15.199 GMT-0800,22.914,22.896,0.0009,0.0132
13.11.2023 06:55:17.788 GMT-0800,22.913000000000004,22.886999999999997,0.0132,0.0132
13.11.2023 06:55:18.159 GMT-0800,22.914,22.886,0.0132,0.0112
13.11.2023 06:55:30.610 GMT-0800,22.924000000000003,22.896,0.0132,0.0132
13.11.2023 06:55:32.121 GMT-0800,22.914,22.896,0.0009,0.0132
13.11.2023 06:55:43.360 GMT-0800,22.913000000000004,22.886999999999997,0.0132,0.0132
13.11.2023 06:55:43.889 GMT-0800,22.914,22.886,0.0132,0.0112
13.11.2023 06:56:05.155 GMT-0800,22.904,22.896,0.0009,0.009
13.11.2023 06:56:05.211 GMT-0800,22.904,22.886,0.0132,0.0132
13.11.2023 06:56:11.157 GMT-0800,22.914,22.886,0.0132,0.0132
13.11.2023 06:56:11.312 GMT-0800,22.913000000000004,22.886999999999997,0.0132,0.0112
13.11.2023 06:56:18.689 GMT-0800,22.924000000000003,22.896,0.0132,0.0132
13.11.2023 06:56:19.151 GMT-0800,22.924000000000003,22.896,0.0132,0.0112
13.11.2023 06:56:21.038 GMT-0800,22.924000000000003,22.896,0.0132,0.0132
13.11.2023 06:56:21.089 GMT-0800,22.924000000000003,22.906,0.0132,0.0132
13.11.2023 06:56:23.792 GMT-0800,22.914,22.896,0.0132,0.0132
13.11.2023 06:56:36.811 GMT-0800,22.914,22.896,0.009,0.0112
13.11.2023 06:56:36.868 GMT-0800,22.924000000000003,22.906,0.0132,0.0132
13.11.2023 06:56:45.320 GMT-0800,22.913000000000004,22.897,0.0132,0.0132
13.11.2023 06:56:46.420 GMT-0800,22.923000000000002,22.897,0.0132,0.0132
13.11.2023 06:56:46.471 GMT-0800,22.924000000000003,22.896,0.0132,0.0112
13.11.2023 06:56:47.035 GMT-0800,22.923000000000002,22.897,0.0132,0.0132
13.11.2023 06:56:47.431 GMT-0800,22.923000000000002,22.897,0.0132,0.0112
13.11.2023 06:56:48.386 GMT-0800,22.914,22.896,0.0132,0.0132
13.11.2023 06:56:52.743 GMT-0800,22.903000000000002,22.886999999999997,0.0132,0.0132
13.11.2023 06:56:55.721 GMT-0800,22.913000000000004,22.886999999999997,0.0132,0.0132
13.11.2023 06:56:57.771 GMT-0800,22.914,22.886,0.0132,0.0112
13.11.2023 06:57:00.648 GMT-0800,22.913000000000004,22.886999999999997,0.0132,0.0132
13.11.2023 06:57:00.785 GMT-0800,22.903000000000002,22.886999999999997,0.0009,0.0132
13.11.2023 06:57:03.528 GMT-0800,22.904,22.886,0.009,0.0112
13.11.2023 06:57:03.581 GMT-0800,22.914,22.896,0.0132,0.0132
13.11.2023 06:57:04.234 GMT-0800,22.913000000000004,22.886999999999997,0.0132,0.0132
13.11.2023 06:57:05.753 GMT-0800,22.904,22.886,0.0009,0.0132
13.11.2023 06:57:08.838 GMT-0800,22.904,22.876,0.0132,0.0132
13.11.2023 06:57:12.914 GMT-0800,22.904,22.876,0.0132,0.0112
13.11.2023 06:57:16.610 GMT-0800,22.904,22.876,0.0132,0.0132
13.11.2023 06:57:16.830 GMT-0800,22.894000000000002,22.876,0.0009,0.0132
13.11.2023 06:57:31.687 GMT-0800,22.904,22.886,0.0132,0.0132
13.11.2023 06:57:41.440 GMT-0800,22.903000000000002,22.886999999999997,0.009,0.0112
13.11.2023 06:57:41.491 GMT-0800,22.913000000000004,22.897,0.0132,0.0132
13.11.2023 06:57:41.830 GMT-0800,22.923000000000002,22.907,0.0132,0.0132
13.11.2023 06:57:44.906 GMT-0800,22.924000000000003,22.896,0.0132,0.0132
13.11.2023 06:57:45.097 GMT-0800,22.923000000000002,22.897,0.0132,0.0112
13.11.2023 06:57:49.997 GMT-0800,22.933000000000003,22.907,0.0132,0.0112
13.11.2023 06:57:54.018 GMT-0800,22.934,22.916,0.009,0.0112
13.11.2023 06:57:54.069 GMT-0800,22.943,22.927,0.0132,0.0132
13.11.2023 06:58:02.694 GMT-0800,22.943,22.927,0.009,0.0112
13.11.2023 06:58:02.744 GMT-0800,22.943,22.927,0.0132,0.0132
13.11.2023 06:58:07.835 GMT-0800,22.954,22.926,0.0132,0.0132
13.11.2023 06:58:07.940 GMT-0800,22.953000000000003,22.927,0.0132,0.0112
13.11.2023 06:58:35.543 GMT-0800,22.963,22.947,0.0132,0.0132
13.11.2023 06:58:38.461 GMT-0800,22.973000000000003,22.956999999999997,0.0132,0.0132
13.11.2023 06:59:01.886 GMT-0800,22.973000000000003,22.947,0.0132,0.0132
13.11.2023 06:59:03.137 GMT-0800,22.973000000000003,22.947,0.0132,0.0112
13.11.2023 06:59:06.479 GMT-0800,22.974,22.956,0.009,0.0112
13.11.2023 06:59:06.530 GMT-0800,22.983,22.967,0.0132,0.0132
13.11.2023 06:59:08.535 GMT-0800,22.974,22.966,0.0009,0.009
13.11.2023 06:59:08.585 GMT-0800,22.973000000000003,22.956999999999997,0.0132,0.0132
13.11.2023 06:59:12.663 GMT-0800,22.963,22.947,0.0132,0.0132
13.11.2023 06:59:16.081 GMT-0800,22.953000000000003,22.947,0.0009,0.009
13.11.2023 06:59:16.132 GMT-0800,22.954,22.936,0.0132,0.0132
13.11.2023 06:59:16.449 GMT-0800,22.963,22.936999999999998,0.0132,0.0132
13.11.2023 06:59:17.096 GMT-0800,22.964000000000002,22.936,0.0132,0.0112
13.11.2023 06:59:17.147 GMT-0800,22.963,22.936999999999998,0.0132,0.0132
13.11.2023 06:59:17.806 GMT-0800,22.954,22.936,0.0009,0.0132
13.11.2023 06:59:32.366 GMT-0800,22.963,22.947,0.0132,0.0132
13.11.2023 06:59:32.803 GMT-0800,22.954,22.936,0.0132,0.0132
13.11.2023 06:59:33.709 GMT-0800,22.964000000000002,22.936,0.0132,0.0132
13.11.2023 06:59:34.296 GMT-0800,22.963,22.936999999999998,0.0132,0.0112
13.11.2023 06:59:35.457 GMT-0800,22.963,22.936999999999998,0.0132,0.0132
13.11.2023 06:59:38.679 GMT-0800,22.963,22.936999999999998,0.0132,0.0112
13.11.2023 06:59:41.153 GMT-0800,22.954,22.945999999999998,0.0009,0.009
13.11.2023 06:59:41.204 GMT-0800,22.953000000000003,22.936999999999998,0.0132,0.0132
13.11.2023 06:59:52.373 GMT-0800,22.953000000000003,22.927,0.0132,0.0132
13.11.2023 06:59:54.106 GMT-0800,22.953000000000003,22.927,0.0132,0.0112
13.11.2023 07:00:00.472 GMT-0800,22.934,22.916,0.0132,0.0132
13.11.2023 07:00:04.504 GMT-0800,22.934,22.916,0.009,0.0112
13.11.2023 07:00:04.555 GMT-0800,22.943,22.927,0.0132,0.0132
13.11.2023 07:00:10.814 GMT-0800,22.934,22.926,0.0009,0.009
13.11.2023 07:00:10.870 GMT-0800,22.934,22.916,0.0132,0.0132
13.11.2023 07:00:12.301 GMT-0800,22.933000000000003,22.907,0.0132,0.0132
13.11.2023 07:00:14.306 GMT-0800,22.923000000000002,22.907,0.0009,0.0132
13.11.2023 07:00:14.408 GMT-0800,22.924000000000003,22.896,0.0132,0.0132
13.11.2023 07:00:15.512 GMT-0800,22.924000000000003,22.896,0.0132,0.0112
13.11.2023 07:00:19.052 GMT-0800,22.913000000000004,22.897,0.0132,0.0132
13.11.2023 07:00:19.153 GMT-0800,22.924000000000003,22.906,0.0132,0.0132
13.11.2023 07:00:20.628 GMT-0800,22.933000000000003,22.907,0.0132,0.0132
13.11.2023 07:00:20.802 GMT-0800,22.923000000000002,22.907,0.0009,0.0132
13.11.2023 07:00:33.879 GMT-0800,22.913000000000004,22.897,0.0132,0.0132
13.11.2023 07:00:34.030 GMT-0800,22.924000000000003,22.896,0.0132,0.0132
13.11.2023 07:00:34.939 GMT-0800,22.924000000000003,22.896,0.0132,0.0112
13.11.2023 07:00:36.478 GMT-0800,22.933000000000003,22.916999999999998,0.0132,0.0132
13.11.2023 07:00:37.330 GMT-0800,22.944000000000003,22.916,0.0132,0.0112
13.11.2023 07:00:38.244 GMT-0800,22.944000000000003,22.926,0.009,0.0112
13.11.2023 07:00:38.295 GMT-0800,22.953000000000003,22.936999999999998,0.0132,0.0132
13.11.2023 07:00:41.119 GMT-0800,22.953000000000003,22.936999999999998,0.009,0.0112
13.11.2023 07:00:41.179 GMT-0800,22.964000000000002,22.945999999999998,0.0132,0.0132
13.11.2023 07:00:50.083 GMT-0800,22.963,22.936999999999998,0.0132,0.0132
13.11.2023 07:00:50.197 GMT-0800,22.953000000000003,22.936999999999998,0.0009,0.0132
13.11.2023 07:00:56.789 GMT-0800,22.944000000000003,22.936,0.0009,0.009
13.11.2023 07:00:56.840 GMT-0800,22.943,22.927,0.0132,0.0132
13.11.2023 07:01:00.292 GMT-0800,22.943,22.927,0.009,0.0112
13.11.2023 07:01:00.343 GMT-0800,22.953000000000003,22.936999999999998,0.0132,0.0132
13.11.2023 07:01:01.603 GMT-0800,22.944000000000003,22.926,0.0009,0.0132
13.11.2023 07:01:09.397 GMT-0800,22.944000000000003,22.926,0.009,0.0112
13.11.2023 07:01:09.457 GMT-0800,22.953000000000003,22.936999999999998,0.0132,0.0132
13.11.2023 07:01:11.969 GMT-0800,22.963,22.936999999999998,0.0132,0.0132
13.11.2023 07:01:12.698 GMT-0800,22.954,22.936,0.0009,0.0132
13.11.2023 07:01:14.101 GMT-0800,22.964000000000002,22.936,0.0132,0.0132
13.11.2023 07:01:17.079 GMT-0800,22.954,22.936,0.0009,0.0132
13.11.2023 07:01:17.983 GMT-0800,22.964000000000002,22.936,0.0132,0.0132
13.11.2023 07:01:19.589 GMT-0800,22.953000000000003,22.936999999999998,0.0009,0.0132
13.11.2023 07:01:22.150 GMT-0800,22.953000000000003,22.936999999999998,0.009,0.0112
13.11.2023 07:01:22.200 GMT-0800,22.953000000000003,22.936999999999998,0.009,0.012
13.11.2023 07:01:22.382 GMT-0800,22.974,22.956,0.0132,0.0132
13.11.2023 07:01:23.342 GMT-0800,22.983,22.956999999999997,0.0132,0.0132
13.11.2023 07:01:23.582 GMT-0800,22.973000000000003,22.956999999999997,0.0009,0.0132
13.11.2023 07:01:24.670 GMT-0800,22.983,22.967,0.0132,0.0132
13.11.2023 07:01:25.544 GMT-0800,22.974,22.956,0.0132,0.0132
13.11.2023 07:01:27.652 GMT-0800,22.984,22.956,0.0132,0.0132
13.11.2023 07:01:30.176 GMT-0800,22.974,22.956,0.0009,0.0132
13.11.2023 07:01:31.579 GMT-0800,22.973000000000003,22.947,0.0132,0.0132
13.11.2023 07:01:33.730 GMT-0800,22.974,22.945999999999998,0.0132,0.0112
13.11.2023 07:01:36.661 GMT-0800,22.974,22.956,0.009,0.0112
13.11.2023 07:01:36.759 GMT-0800,22.983,22.967,0.0132,0.0132
13.11.2023 07:01:41.600 GMT-0800,22.993000000000002,22.967,0.0132,0.0132
13.11.2023 07:01:42.239 GMT-0800,22.983,22.967,0.0009,0.0132
13.11.2023 07:01:50.568 GMT-0800,22.993000000000002,22.967,0.0132,0.0132
13.11.2023 07:01:51.192 GMT-0800,22.984,22.966,0.0009,0.0132
13.11.2023 07:01:55.107 GMT-0800,22.993000000000002,22.967,0.0132,0.0132
13.11.2023 07:01:56.822 GMT-0800,22.993000000000002,22.967,0.0132,0.0112
13.11.2023 07:01:57.899 GMT-0800,22.983,22.977,0.0009,0.009
13.11.2023 07:01:57.950 GMT-0800,22.984,22.966,0.0132,0.0132
13.11.2023 07:02:00.246 GMT-0800,22.974,22.956,0.0009,0.0132
13.11.2023 07:02:01.462 GMT-0800,22.974,22.956,0.009,0.0112
13.11.2023 07:02:01.512 GMT-0800,22.984,22.966,0.0132,0.0132
13.11.2023 07:02:02.791 GMT-0800,22.974,22.956,0.0132,0.0132
13.11.2023 07:02:04.502 GMT-0800,22.974,22.956,0.009,0.0112
13.11.2023 07:02:04.603 GMT-0800,22.984,22.966,0.0132,0.0132
13.11.2023 07:02:05.506 GMT-0800,22.973000000000003,22.967,0.0009,0.009
13.11.2023 07:02:05.607 GMT-0800,22.973000000000003,22.956999999999997,0.0132,0.0132
13.11.2023 07:02:06.237 GMT-0800,22.984,22.956,0.0132,0.0132
13.11.2023 07:02:06.516 GMT-0800,22.983,22.956999999999997,0.0132,0.0112
13.11.2023 07:02:06.568 GMT-0800,22.983,22.956999999999997,0.0132,0.0132
13.11.2023 07:02:06.639 GMT-0800,22.974,22.956,0.0009,0.0132
13.11.2023 07:02:09.348 GMT-0800,22.984,22.956,0.0132,0.0132
13.11.2023 07:02:09.995 GMT-0800,22.974,22.956,0.0009,0.0132
13.11.2023 07:02:18.870 GMT-0800,22.973000000000003,22.956999999999997,0.009,0.0112
13.11.2023 07:02:18.925 GMT-0800,22.983,22.967,0.0132,0.0132
13.11.2023 07:02:26.425 GMT-0800,22.984,22.966,0.009,0.0112
13.11.2023 07:02:26.666 GMT-0800,22.993000000000002,22.977,0.0132,0.0132
13.11.2023 07:02:43.801 GMT-0800,22.993000000000002,22.977,0.009,0.0112
13.11.2023 07:02:43.851 GMT-0800,23.004,22.986,0.0132,0.0132
13.11.2023 07:02:48.885 GMT-0800,23.024,22.996,0.0132,0.0132
13.11.2023 07:02:50.041 GMT-0800,23.023000000000003,22.997,0.0132,0.0112
13.11.2023 07:02:55.440 GMT-0800,23.024,23.006,0.009,0.0112
13.11.2023 07:02:55.731 GMT-0800,23.033,23.017,0.0132,0.0132
13.11.2023 07:02:56.191 GMT-0800,23.024,23.016,0.0009,0.009
13.11.2023 07:02:56.242 GMT-0800,23.023000000000003,23.006999999999998,0.0132,0.0132
13.11.2023 07:03:08.898 GMT-0800,23.023000000000003,23.006999999999998,0.009,0.0112
13.11.2023 07:03:08.948 GMT-0800,23.034000000000002,23.016,0.0132,0.0132
13.11.2023 07:03:11.680 GMT-0800,23.043000000000003,23.026999999999997,0.0132,0.0132
13.11.2023 07:03:20.492 GMT-0800,23.053,23.037,0.0132,0.0132
13.11.2023 07:03:20.790 GMT-0800,23.064,23.035999999999998,0.0132,0.0132
13.11.2023 07:03:21.183 GMT-0800,23.053,23.037,0.0009,0.0132
13.11.2023 07:03:27.683 GMT-0800,23.053,23.037,0.009,0.0112
13.11.2023 07:03:27.733 GMT-0800,23.063000000000002,23.046999999999997,0.0132,0.0132
13.11.2023 07:03:31.482 GMT-0800,23.074,23.056,0.0132,0.0132
13.11.2023 07:03:33.607 GMT-0800,23.074,23.056,0.009,0.0112
13.11.2023 07:03:33.736 GMT-0800,23.083000000000002,23.067,0.0132,0.0132
13.11.2023 07:03:41.334 GMT-0800,23.093000000000004,23.067,0.0132,0.0132
13.11.2023 07:03:43.931 GMT-0800,23.083000000000002,23.067,0.0009,0.0132
13.11.2023 07:03:55.064 GMT-0800,23.093000000000004,23.076999999999998,0.0132,0.0132
13.11.2023 07:03:57.132 GMT-0800,23.084,23.076,0.0009,0.009
13.11.2023 07:03:57.183 GMT-0800,23.084,23.066,0.0132,0.0132
13.11.2023 07:03:57.530 GMT-0800,23.083000000000002,23.067,0.009,0.0112
13.11.2023 07:03:57.581 GMT-0800,23.094,23.076,0.0132,0.0132
13.11.2023 07:04:35.157 GMT-0800,23.084,23.076,0.0009,0.009
13.11.2023 07:04:35.208 GMT-0800,23.083000000000002,23.067,0.0132,0.0132
13.11.2023 07:04:47.165 GMT-0800,23.083000000000002,23.067,0.009,0.0112
13.11.2023 07:04:47.224 GMT-0800,23.093000000000004,23.076999999999998,0.0132,0.0132
13.11.2023 07:04:51.873 GMT-0800,23.094,23.066,0.0132,0.0132
13.11.2023 07:04:52.687 GMT-0800,23.093000000000004,23.067,0.0132,0.0112
13.11.2023 07:04:54.908 GMT-0800,23.174000000000003,23.086,0.0132,0.0132
13.11.2023 07:04:55.951 GMT-0800,23.118000000000002,23.087,0.0009,0.0112
13.11.2023 07:04:56.558 GMT-0800,23.133000000000003,23.096999999999998,0.0132,0.0132
13.11.2023 07:04:57.541 GMT-0800,23.194000000000003,23.096,0.0132,0.0132
13.11.2023 07:04:57.632 GMT-0800,23.194000000000003,23.096,0.0132,0.0112
13.11.2023 07:05:05.251 GMT-0800,23.124000000000002,23.105999999999998,0.0009,0.0132
13.11.2023 07:05:10.138 GMT-0800,23.124000000000002,23.096,0.0132,0.0132
13.11.2023 07:05:10.568 GMT-0800,23.124000000000002,23.096,0.0132,0.0112
13.11.2023 07:05:11.470 GMT-0800,23.123,23.096999999999998,0.0132,0.0132
13.11.2023 07:05:16.397 GMT-0800,23.113000000000003,23.096999999999998,0.0009,0.0132
13.11.2023 07:05:21.985 GMT-0800,23.113000000000003,23.087,0.0132,0.0132
13.11.2023 07:05:22.647 GMT-0800,23.114,23.086,0.0132,0.0112
13.11.2023 07:05:37.937 GMT-0800,23.113000000000003,23.096999999999998,0.009,0.0112
13.11.2023 07:05:38.036 GMT-0800,23.124000000000002,23.105999999999998,0.0132,0.0132
13.11.2023 07:05:38.087 GMT-0800,23.124000000000002,23.096,0.0132,0.0132
13.11.2023 07:05:38.546 GMT-0800,23.123,23.096999999999998,0.0132,0.0112
13.11.2023 07:05:51.261 GMT-0800,23.114,23.105999999999998,0.0009,0.009
13.11.2023 07:05:51.312 GMT-0800,23.114,23.096,0.0132,0.0132
13.11.2023 07:06:05.922 GMT-0800,23.103,23.096999999999998,0.0009,0.009
13.11.2023 07:06:06.124 GMT-0800,23.103,23.076999999999998,0.0132,0.0132
13.11.2023 07:06:06.339 GMT-0800,23.104000000000003,23.076,0.0132,0.0112
13.11.2023 07:06:08.881 GMT-0800,23.093000000000004,23.076999999999998,0.0132,0.0132
13.11.2023 07:06:12.799 GMT-0800,23.103,23.087,0.0132,0.0132
13.11.2023 07:06:17.282 GMT-0800,23.113000000000003,23.096999999999998,0.0132,0.0132
13.11.2023 07:06:26.624 GMT-0800,23.103,23.087,0.0132,0.0132
13.11.2023 07:06:27.686 GMT-0800,23.113000000000003,23.096999999999998,0.0132,0.0132
13.11.2023 07:06:27.787 GMT-0800,23.123,23.107,0.0132,0.0132
13.11.2023 07:06:30.378 GMT-0800,23.124000000000002,23.105999999999998,0.009,0.0112
13.11.2023 07:06:30.433 GMT-0800,23.143,23.116999999999997,0.0132,0.0132
13.11.2023 07:06:30.591 GMT-0800,23.133000000000003,23.116999999999997,0.0009,0.0132
13.11.2023 07:06:47.550 GMT-0800,23.133000000000003,23.116999999999997,0.009,0.0112
13.11.2023 07:06:47.600 GMT-0800,23.164,23.136,0.0132,0.0132
13.11.2023 07:06:48.070 GMT-0800,23.153000000000002,23.136999999999997,0.0009,0.0132
13.11.2023 07:06:49.634 GMT-0800,23.164,23.136,0.0132,0.0132
13.11.2023 07:06:49.684 GMT-0800,23.153000000000002,23.136999999999997,0.0132,0.0132
13.11.2023 07:06:58.511 GMT-0800,23.153000000000002,23.136999999999997,0.009,0.0112
13.11.2023 07:06:58.770 GMT-0800,23.163000000000004,23.147,0.0132,0.0132
13.11.2023 07:06:59.158 GMT-0800,23.153000000000002,23.147,0.0009,0.009
13.11.2023 07:06:59.209 GMT-0800,23.154,23.136,0.0132,0.0132
13.11.2023 07:07:00.665 GMT-0800,23.154,23.126,0.0132,0.0132
13.11.2023 07:07:03.512 GMT-0800,23.154,23.126,0.0132,0.0112
13.11.2023 07:07:04.165 GMT-0800,23.154,23.126,0.0132,0.0132
13.11.2023 07:07:13.670 GMT-0800,23.153000000000002,23.127,0.0132,0.0112
13.11.2023 07:07:23.360 GMT-0800,23.154,23.126,0.0132,0.0132
13.11.2023 07:07:26.188 GMT-0800,23.144000000000002,23.126,0.0009,0.0132
13.11.2023 07:07:26.421 GMT-0800,23.143,23.116999999999997,0.0132,0.0132
13.11.2023 07:07:27.055 GMT-0800,23.133000000000003,23.116999999999997,0.0009,0.0132
13.11.2023 07:07:49.347 GMT-0800,23.134,23.116,0.009,0.0112
13.11.2023 07:07:49.397 GMT-0800,23.144000000000002,23.126,0.0132,0.0132
13.11.2023 07:07:54.458 GMT-0800,23.133000000000003,23.116999999999997,0.0132,0.0132
13.11.2023 07:07:55.701 GMT-0800,23.124000000000002,23.105999999999998,0.0132,0.0132
13.11.2023 07:08:12.528 GMT-0800,23.124000000000002,23.105999999999998,0.009,0.0112
13.11.2023 07:08:12.744 GMT-0800,23.133000000000003,23.116999999999997,0.0132,0.0132
13.11.2023 07:08:13.461 GMT-0800,23.124000000000002,23.116,0.0009,0.009
13.11.2023 07:08:13.511 GMT-0800,23.124000000000002,23.105999999999998,0.0132,0.0132
13.11.2023 07:08:14.832 GMT-0800,23.124000000000002,23.096,0.0132,0.0132
13.11.2023 07:08:19.433 GMT-0800,23.123,23.107,0.0132,0.0132
13.11.2023 07:08:20.029 GMT-0800,23.124000000000002,23.096,0.0132,0.0132
13.11.2023 07:08:24.249 GMT-0800,23.124000000000002,23.096,0.0132,0.0112
13.11.2023 07:08:35.606 GMT-0800,23.124000000000002,23.105999999999998,0.009,0.0112
13.11.2023 07:08:35.754 GMT-0800,23.133000000000003,23.116999999999997,0.0132,0.0132
13.11.2023 07:08:40.560 GMT-0800,23.123,23.116999999999997,0.0009,0.009
13.11.2023 07:08:40.611 GMT-0800,23.124000000000002,23.105999999999998,0.0132,0.0132
13.11.2023 07:08:45.216 GMT-0800,23.113000000000003,23.096999999999998,0.0132,0.0132
13.11.2023 07:08:46.084 GMT-0800,23.123,23.096999999999998,0.0132,0.0132
13.11.2023 07:08:47.490 GMT-0800,23.123,23.107,0.0132,0.0132
13.11.2023 07:08:49.090 GMT-0800,23.133000000000003,23.116999999999997,0.0132,0.0132
13.11.2023 07:08:49.427 GMT-0800,23.134,23.105999999999998,0.0132,0.0132
13.11.2023 07:08:50.821 GMT-0800,23.124000000000002,23.105999999999998,0.0132,0.0132
13.11.2023 07:08:53.911 GMT-0800,23.124000000000002,23.096,0.0132,0.0132
13.11.2023 07:08:54.335 GMT-0800,23.114,23.096,0.0009,0.0132
13.11.2023 07:08:56.161 GMT-0800,23.113000000000003,23.087,0.0132,0.0132
13.11.2023 07:08:57.467 GMT-0800,23.114,23.086,0.0132,0.0112
13.11.2023 07:08:57.716 GMT-0800,23.114,23.086,0.0132,0.0132
13.11.2023 07:09:00.455 GMT-0800,23.113000000000003,23.087,0.0132,0.0112
13.11.2023 07:09:00.506 GMT-0800,23.114,23.086,0.0132,0.0132
13.11.2023 07:09:01.700 GMT-0800,23.114,23.086,0.0132,0.0112
13.11.2023 07:09:01.932 GMT-0800,23.113000000000003,23.087,0.0132,0.0132
13.11.2023 07:09:03.169 GMT-0800,23.114,23.086,0.0132,0.0112
13.11.2023 07:09:03.270 GMT-0800,23.113000000000003,23.087,0.0132,0.0132
13.11.2023 07:09:06.279 GMT-0800,23.113000000000003,23.087,0.0132,0.0112
13.11.2023 07:09:17.251 GMT-0800,23.114,23.086,0.0132,0.0132
13.11.2023 07:09:22.618 GMT-0800,23.114,23.086,0.0132,0.0112
13.11.2023 07:09:25.150 GMT-0800,23.113000000000003,23.087,0.0132,0.0132
13.11.2023 07:09:26.844 GMT-0800,23.114,23.086,0.0132,0.0112
13.11.2023 07:09:33.379 GMT-0800,23.114,23.086,0.0132,0.0132
13.11.2023 07:09:34.354 GMT-0800,23.094,23.076,0.0132,0.0132
13.11.2023 07:09:39.220 GMT-0800,23.103,23.087,0.0132,0.0132
13.11.2023 07:09:54.597 GMT-0800,23.104000000000003,23.086,0.009,0.0112
13.11.2023 07:09:54.648 GMT-0800,23.113000000000003,23.096999999999998,0.0132,0.0132
13.11.2023 07:10:07.950 GMT-0800,23.114,23.086,0.0132,0.0132
13.11.2023 07:10:13.143 GMT-0800,23.104000000000003,23.086,0.0009,0.0132
13.11.2023 07:10:13.372 GMT-0800,23.094,23.076,0.0132,0.0132
13.11.2023 07:10:14.122 GMT-0800,23.094,23.066,0.0132,0.0132
13.11.2023 07:10:14.394 GMT-0800,23.083000000000002,23.067,0.0009,0.0132
13.11.2023 07:10:14.496 GMT-0800,23.093000000000004,23.076999999999998,0.0132,0.0132
13.11.2023 07:10:18.464 GMT-0800,23.103,23.087,0.0132,0.0132
13.11.2023 07:10:32.800 GMT-0800,23.104000000000003,23.076,0.0132,0.0132
13.11.2023 07:10:36.694 GMT-0800,23.103,23.076999999999998,0.0132,0.0112
13.11.2023 07:10:38.543 GMT-0800,23.094,23.076,0.0132,0.0132
13.11.2023 07:10:38.852 GMT-0800,23.084,23.076,0.0009,0.009
13.11.2023 07:10:38.903 GMT-0800,23.084,23.066,0.0132,0.0132
13.11.2023 07:10:39.725 GMT-0800,23.083000000000002,23.057,0.0132,0.0132
13.11.2023 07:10:40.209 GMT-0800,23.073000000000004,23.057,0.0009,0.0132
13.11.2023 07:10:41.152 GMT-0800,23.073000000000004,23.046999999999997,0.0132,0.0132
13.11.2023 07:10:42.685 GMT-0800,23.074,23.046,0.0132,0.0112
13.11.2023 07:10:44.238 GMT-0800,23.063000000000002,23.046999999999997,0.0132,0.0132
13.11.2023 07:10:46.720 GMT-0800,23.064,23.046,0.009,0.0112
13.11.2023 07:10:46.771 GMT-0800,23.073000000000004,23.057,0.0132,0.0132
13.11.2023 07:10:48.484 GMT-0800,23.064,23.056,0.0009,0.009
13.11.2023 07:10:48.588 GMT-0800,23.064,23.046,0.0132,0.0132
13.11.2023 07:11:01.731 GMT-0800,23.063000000000002,23.037,0.0132,0.0132
13.11.2023 07:11:03.204 GMT-0800,23.064,23.035999999999998,0.0132,0.0112
13.11.2023 07:11:07.695 GMT-0800,23.063000000000002,23.037,0.0132,0.0132
13.11.2023 07:11:08.666 GMT-0800,23.064,23.035999999999998,0.0132,0.0112
13.11.2023 07:11:09.364 GMT-0800,23.064,23.035999999999998,0.0132,0.0132
13.11.2023 07:11:09.674 GMT-0800,23.064,23.035999999999998,0.0132,0.0112
13.11.2023 07:11:27.036 GMT-0800,23.073000000000004,23.057,0.0132,0.0132
13.11.2023 07:11:38.989 GMT-0800,23.063000000000002,23.057,0.0009,0.009
13.11.2023 07:11:39.040 GMT-0800,23.064,23.046,0.0132,0.0132
13.11.2023 07:11:42.362 GMT-0800,23.064,23.046,0.009,0.0112
13.11.2023 07:11:42.552 GMT-0800,23.074,23.056,0.0132,0.0132
13.11.2023 07:11:44.871 GMT-0800,23.064,23.056,0.0009,0.009
13.11.2023 07:11:44.922 GMT-0800,23.064,23.046,0.0132,0.0132
13.11.2023 07:12:31.825 GMT-0800,23.074,23.056,0.0132,0.0132
13.11.2023 07:12:34.257 GMT-0800,23.073000000000004,23.046999999999997,0.0132,0.0132
13.11.2023 07:12:34.320 GMT-0800,23.074,23.046,0.0132,0.0112
13.11.2023 07:12:37.415 GMT-0800,23.074,23.046,0.0132,0.0132
13.11.2023 07:12:37.466 GMT-0800,23.063000000000002,23.046999999999997,0.0009,0.0132
13.11.2023 07:12:37.618 GMT-0800,23.063000000000002,23.037,0.0132,0.0132
13.11.2023 07:12:37.719 GMT-0800,23.063000000000002,23.037,0.0132,0.0112
13.11.2023 07:12:38.145 GMT-0800,23.063000000000002,23.037,0.0132,0.0132
13.11.2023 07:12:40.739 GMT-0800,23.054000000000002,23.035999999999998,0.0009,0.0132
13.11.2023 07:12:41.711 GMT-0800,23.054000000000002,23.026,0.0132,0.0132
13.11.2023 07:12:41.790 GMT-0800,23.054000000000002,23.026,0.0132,0.0112
13.11.2023 07:12:41.943 GMT-0800,23.053,23.026999999999997,0.0132,0.0132
13.11.2023 07:12:43.972 GMT-0800,23.054000000000002,23.026,0.0132,0.0112
13.11.2023 07:12:45.054 GMT-0800,23.053,23.026999999999997,0.0132,0.0132
13.11.2023 07:12:45.105 GMT-0800,23.053,23.037,0.0132,0.0132
13.11.2023 07:12:46.643 GMT-0800,23.054000000000002,23.026,0.0132,0.0132
13.11.2023 07:12:48.195 GMT-0800,23.044,23.026,0.0009,0.0132
13.11.2023 07:12:51.767 GMT-0800,23.044,23.016,0.0132,0.0132
13.11.2023 07:12:54.291 GMT-0800,23.033,23.017,0.0009,0.0132
13.11.2023 07:12:54.895 GMT-0800,23.033,23.006999999999998,0.0132,0.0132
13.11.2023 07:12:55.089 GMT-0800,23.023000000000003,23.006999999999998,0.0009,0.0132
13.11.2023 07:12:58.099 GMT-0800,23.034000000000002,23.006,0.0132,0.0112
13.11.2023 07:13:04.929 GMT-0800,23.044,23.026,0.0132,0.0132
13.11.2023 07:13:16.857 GMT-0800,23.044,23.026,0.009,0.0112
13.11.2023 07:13:16.958 GMT-0800,23.054000000000002,23.035999999999998,0.009,0.0132
13.11.2023 07:13:28.414 GMT-0800,23.053,23.037,0.009,0.0112
13.11.2023 07:13:28.465 GMT-0800,23.064,23.046,0.0132,0.0132
13.11.2023 07:13:38.703 GMT-0800,23.073000000000004,23.057,0.0132,0.0132
13.11.2023 07:13:38.926 GMT-0800,23.084,23.056,0.0132,0.0132
13.11.2023 07:13:44.609 GMT-0800,23.073000000000004,23.057,0.0009,0.0132
13.11.2023 07:13:51.206 GMT-0800,23.063000000000002,23.057,0.0009,0.009
13.11.2023 07:13:51.256 GMT-0800,23.064,23.046,0.0132,0.0132
13.11.2023 07:13:58.148 GMT-0800,23.064,23.046,0.009,0.0112
13.11.2023 07:13:58.199 GMT-0800,23.073000000000004,23.057,0.0132,0.0132
13.11.2023 07:13:58.825 GMT-0800,23.073000000000004,23.046999999999997,0.0132,0.0132
13.11.2023 07:13:59.670 GMT-0800,23.064,23.046,0.0132,0.0132
13.11.2023 07:14:01.841 GMT-0800,23.054000000000002,23.046,0.0009,0.009
13.11.2023 07:14:01.892 GMT-0800,23.054000000000002,23.035999999999998,0.0132,0.0132
13.11.2023 07:14:07.015 GMT-0800,23.043000000000003,23.037,0.0009,0.009
13.11.2023 07:14:07.117 GMT-0800,23.044,23.026,0.0132,0.0132
13.11.2023 07:14:12.017 GMT-0800,23.033,23.026999999999997,0.0009,0.009
13.11.2023 07:14:12.068 GMT-0800,23.033,23.017,0.0132,0.0132
13.11.2023 07:14:19.144 GMT-0800,23.033,23.006999999999998,0.0132,0.0132
13.11.2023 07:14:20.169 GMT-0800,23.033,23.006999999999998,0.0132,0.0112
13.11.2023 07:14:23.393 GMT-0800,23.024,23.006,0.0132,0.0132
13.11.2023 07:14:36.562 GMT-0800,23.023000000000003,23.006999999999998,0.009,0.0112
13.11.2023 07:14:36.645 GMT-0800,23.033,23.017,0.0132,0.0132
13.11.2023 07:14:37.251 GMT-0800,23.033,23.006999999999998,0.0132,0.0132
13.11.2023 07:14:38.149 GMT-0800,23.033,23.006999999999998,0.0132,0.0112
13.11.2023 07:14:53.682 GMT-0800,23.044,23.016,0.0132,0.0132
13.11.2023 07:14:54.397 GMT-0800,23.044,23.016,0.0132,0.0112
13.11.2023 07:14:54.498 GMT-0800,23.043000000000003,23.017,0.009,0.0112
13.11.2023 07:14:54.549 GMT-0800,23.053,23.037,0.0132,0.0132
13.11.2023 07:14:54.701 GMT-0800,23.044,23.035999999999998,0.0009,0.009
13.11.2023 07:14:54.769 GMT-0800,23.044,23.026,0.0132,0.0132
13.11.2023 07:14:54.979 GMT-0800,23.054000000000002,23.035999999999998,0.0132,0.0132
13.11.2023 07:14:55.081 GMT-0800,23.044,23.035999999999998,0.0009,0.009
13.11.2023 07:14:55.132 GMT-0800,23.043000000000003,23.026999999999997,0.0132,0.0132
13.11.2023 07:14:56.066 GMT-0800,23.044,23.016,0.0132,0.0132
13.11.2023 07:14:58.274 GMT-0800,23.044,23.016,0.0132,0.0112
13.11.2023 07:15:00.214 GMT-0800,23.034000000000002,23.026,0.0009,0.009
13.11.2023 07:15:00.315 GMT-0800,23.034000000000002,23.016,0.0132,0.0132
13.11.2023 07:15:04.342 GMT-0800,23.033,23.006999999999998,0.0132,0.0132
13.11.2023 07:15:04.790 GMT-0800,23.033,23.006999999999998,0.0132,0.0112
13.11.2023 07:15:07.916 GMT-0800,23.034000000000002,23.006,0.0132,0.0132
13.11.2023 07:15:09.109 GMT-0800,23.033,23.006999999999998,0.0132,0.0112
13.11.2023 07:15:17.610 GMT-0800,23.033,23.006999999999998,0.0132,0.0132
13.11.2023 07:15:18.069 GMT-0800,23.034000000000002,23.006,0.0132,0.0112
13.11.2023 07:15:23.897 GMT-0800,23.034000000000002,23.006,0.0132,0.0132
13.11.2023 07:15:24.102 GMT-0800,23.034000000000002,23.006,0.0132,0.0112
13.11.2023 07:15:29.559 GMT-0800,23.023000000000003,23.017,0.0009,0.009
13.11.2023 07:15:29.610 GMT-0800,23.023000000000003,23.006999999999998,0.0132,0.0132
13.11.2023 07:15:34.130 GMT-0800,23.014000000000003,22.996,0.0132,0.0132
13.11.2023 07:15:37.262 GMT-0800,23.014000000000003,22.996,0.009,0.0112
13.11.2023 07:15:37.313 GMT-0800,23.024,23.006,0.0132,0.0132
13.11.2023 07:15:45.707 GMT-0800,23.013,23.006999999999998,0.0009,0.009
13.11.2023 07:15:45.845 GMT-0800,23.013,22.997,0.0132,0.0132
13.11.2023 07:15:54.365 GMT-0800,23.003000000000004,22.997,0.0009,0.009
13.11.2023 07:15:54.484 GMT-0800,23.004,22.986,0.0132,0.0132
13.11.2023 07:15:58.179 GMT-0800,23.004,22.976,0.0132,0.0132
13.11.2023 07:15:58.255 GMT-0800,23.003000000000004,22.977,0.0132,0.0112
13.11.2023 07:15:58.619 GMT-0800,22.994,22.986,0.0009,0.009
13.11.2023 07:15:58.819 GMT-0800,22.994,22.976,0.0132,0.0132
13.11.2023 07:15:59.270 GMT-0800,23.004,22.976,0.0132,0.0132
13.11.2023 07:16:03.521 GMT-0800,22.994,22.976,0.0009,0.0132
13.11.2023 07:16:04.684 GMT-0800,22.994,22.976,0.009,0.0112
13.11.2023 07:16:04.735 GMT-0800,23.003000000000004,22.987,0.0132,0.0132
13.11.2023 07:16:06.070 GMT-0800,23.004,22.976,0.0132,0.0132
13.11.2023 07:16:07.193 GMT-0800,23.003000000000004,22.977,0.0132,0.0112
13.11.2023 07:16:11.816 GMT-0800,23.013,22.997,0.0132,0.0132
13.11.2023 07:16:12.344 GMT-0800,23.023000000000003,22.997,0.0132,0.0132
13.11.2023 07:16:12.493 GMT-0800,23.014000000000003,22.996,0.0009,0.0132
13.11.2023 07:16:17.939 GMT-0800,23.014000000000003,22.996,0.009,0.0112
13.11.2023 07:16:17.990 GMT-0800,23.023000000000003,23.006999999999998,0.0132,0.0132
13.11.2023 07:16:20.120 GMT-0800,23.034000000000002,23.006,0.0132,0.0132
13.11.2023 07:16:23.665 GMT-0800,23.023000000000003,23.006999999999998,0.0009,0.0132
13.11.2023 07:16:36.489 GMT-0800,23.014000000000003,23.006,0.0009,0.009
13.11.2023 07:16:36.540 GMT-0800,23.014000000000003,22.996,0.0132,0.0132
13.11.2023 07:16:36.674 GMT-0800,23.004,22.986,0.0132,0.0132
13.11.2023 07:16:38.251 GMT-0800,23.013,22.997,0.0132,0.0132
13.11.2023 07:16:40.609 GMT-0800,23.014000000000003,22.986,0.0132,0.0132
13.11.2023 07:16:41.091 GMT-0800,23.003000000000004,22.987,0.0132,0.0132
13.11.2023 07:16:42.922 GMT-0800,22.993000000000002,22.987,0.0009,0.009
13.11.2023 07:16:42.972 GMT-0800,22.994,22.976,0.0132,0.0132
13.11.2023 07:16:50.166 GMT-0800,23.003000000000004,22.977,0.0132,0.0132
13.11.2023 07:16:52.560 GMT-0800,22.994,22.976,0.0009,0.0132
13.11.2023 07:16:55.446 GMT-0800,23.004,22.976,0.0132,0.0132
13.11.2023 07:16:57.479 GMT-0800,23.003000000000004,22.977,0.0132,0.0112
13.11.2023 07:16:59.275 GMT-0800,23.003000000000004,22.987,0.009,0.0112
13.11.2023 07:16:59.327 GMT-0800,23.013,22.997,0.0132,0.0132
13.11.2023 07:17:01.465 GMT-0800,23.014000000000003,22.996,0.009,0.0112
13.11.2023 07:17:01.516 GMT-0800,23.023000000000003,23.006999999999998,0.0132,0.0132
13.11.2023 07:17:07.236 GMT-0800,23.033,23.006999999999998,0.0132,0.0132
13.11.2023 07:17:07.884 GMT-0800,23.034000000000002,23.016,0.0132,0.0132
13.11.2023 07:17:09.886 GMT-0800,23.034000000000002,23.006,0.0132,0.0132
13.11.2023 07:17:10.563 GMT-0800,23.024,23.006,0.0009,0.0132
13.11.2023 07:17:14.524 GMT-0800,23.024,22.996,0.0132,0.0132
13.11.2023 07:17:15.177 GMT-0800,23.013,22.997,0.0009,0.0132
13.11.2023 07:17:27.815 GMT-0800,23.004,22.996,0.0009,0.009
13.11.2023 07:17:27.865 GMT-0800,23.004,22.986,0.0132,0.0132
13.11.2023 07:17:28.688 GMT-0800,22.993000000000002,22.987,0.0009,0.009
13.11.2023 07:17:28.789 GMT-0800,22.993000000000002,22.977,0.0132,0.0132
13.11.2023 07:17:30.811 GMT-0800,22.984,22.966,0.0132,0.0132
13.11.2023 07:17:36.060 GMT-0800,22.994,22.976,0.0132,0.0132
13.11.2023 07:17:37.099 GMT-0800,22.994,22.966,0.0132,0.0132
13.11.2023 07:17:42.317 GMT-0800,22.983,22.967,0.0009,0.0132
13.11.2023 07:17:53.577 GMT-0800,22.993000000000002,22.977,0.0132,0.0132
13.11.2023 07:18:05.392 GMT-0800,22.993000000000002,22.977,0.009,0.0112
13.11.2023 07:18:05.442 GMT-0800,23.003000000000004,22.987,0.0132,0.0132
13.11.2023 07:18:06.276 GMT-0800,23.004,22.976,0.0132,0.0132
13.11.2023 07:18:06.740 GMT-0800,23.004,22.976,0.0132,0.0112
13.11.2023 07:18:19.042 GMT-0800,23.004,22.986,0.009,0.0112
13.11.2023 07:18:19.092 GMT-0800,23.014000000000003,22.996,0.0132,0.0132
13.11.2023 07:18:35.445 GMT-0800,23.024,22.996,0.0132,0.0132
13.11.2023 07:18:38.915 GMT-0800,23.014000000000003,22.996,0.0009,0.0132
13.11.2023 07:18:43.126 GMT-0800,23.023000000000003,22.997,0.0132,0.0132
13.11.2023 07:18:44.838 GMT-0800,23.023000000000003,22.997,0.0132,0.0112
13.11.2023 07:18:53.095 GMT-0800,23.033,23.006999999999998,0.0132,0.0132
13.11.2023 07:18:54.901 GMT-0800,23.024,23.006,0.0009,0.0132
13.11.2023 07:18:55.320 GMT-0800,23.023000000000003,23.006999999999998,0.009,0.0112
13.11.2023 07:18:55.374 GMT-0800,23.033,23.017,0.0132,0.0132
13.11.2023 07:18:55.425 GMT-0800,23.033,23.006999999999998,0.0132,0.0132
13.11.2023 07:18:55.512 GMT-0800,23.033,23.006999999999998,0.0132,0.0112
13.11.2023 07:18:55.855 GMT-0800,23.033,23.006999999999998,0.0132,0.0132
13.11.2023 07:18:59.751 GMT-0800,23.034000000000002,23.006,0.0132,0.0112
13.11.2023 07:19:04.260 GMT-0800,23.023000000000003,23.017,0.0009,0.009
13.11.2023 07:19:04.311 GMT-0800,23.024,23.006,0.0132,0.0132
13.11.2023 07:19:07.608 GMT-0800,23.034000000000002,23.006,0.0132,0.0132
13.11.2023 07:19:08.328 GMT-0800,23.024,23.006,0.0009,0.0132
13.11.2023 07:19:13.382 GMT-0800,23.034000000000002,23.016,0.0132,0.0132
13.11.2023 07:19:19.993 GMT-0800,23.043000000000003,23.026999999999997,0.0132,0.0132
13.11.2023 07:19:21.100 GMT-0800,23.044,23.016,0.0132,0.0132
13.11.2023 07:19:21.499 GMT-0800,23.034000000000002,23.016,0.0009,0.0132
13.11.2023 07:19:25.574 GMT-0800,23.044,23.016,0.0132,0.0132
13.11.2023 07:19:27.196 GMT-0800,23.044,23.016,0.0132,0.0112
13.11.2023 07:19:33.926 GMT-0800,23.054000000000002,23.026,0.0132,0.0132
13.11.2023 07:19:35.019 GMT-0800,23.043000000000003,23.026999999999997,0.0009,0.0132
13.11.2023 07:19:42.777 GMT-0800,23.043000000000003,23.017,0.0132,0.0132
13.11.2023 07:19:42.938 GMT-0800,23.043000000000003,23.017,0.0132,0.0112
13.11.2023 07:19:46.357 GMT-0800,23.033,23.026999999999997,0.0009,0.009
13.11.2023 07:19:46.407 GMT-0800,23.034000000000002,23.016,0.0132,0.0132
13.11.2023 07:19:48.953 GMT-0800,23.043000000000003,23.017,0.0132,0.0132
13.11.2023 07:19:51.827 GMT-0800,23.044,23.016,0.0132,0.0112
13.11.2023 07:20:06.416 GMT-0800,23.043000000000003,23.017,0.0132,0.0132
13.11.2023 07:20:07.014 GMT-0800,23.043000000000003,23.017,0.0132,0.0112
13.11.2023 07:20:09.180 GMT-0800,23.034000000000002,23.026,0.0009,0.009
13.11.2023 07:20:09.231 GMT-0800,23.034000000000002,23.016,0.0132,0.0132
13.11.2023 07:20:11.281 GMT-0800,23.024,23.006,0.0132,0.0132
13.11.2023 07:20:23.085 GMT-0800,23.024,22.996,0.0132,0.0132
13.11.2023 07:20:23.913 GMT-0800,23.023000000000003,23.006999999999998,0.0132,0.0132
13.11.2023 07:20:25.317 GMT-0800,23.023000000000003,22.997,0.0132,0.0132
13.11.2023 07:20:26.257 GMT-0800,23.013,22.997,0.0009,0.0132
13.11.2023 07:20:35.178 GMT-0800,23.013,22.997,0.009,0.0112
13.11.2023 07:20:35.229 GMT-0800,23.024,23.006,0.0132,0.0132
13.11.2023 07:20:35.466 GMT-0800,23.024,23.006,0.009,0.0112
13.11.2023 07:20:35.517 GMT-0800,23.033,23.017,0.0132,0.0132
13.11.2023 07:20:51.198 GMT-0800,23.044,23.026,0.0132,0.0132
13.11.2023 07:20:59.444 GMT-0800,23.044,23.026,0.009,0.0112
13.11.2023 07:20:59.495 GMT-0800,23.053,23.037,0.0132,0.0132
13.11.2023 07:20:59.646 GMT-0800,23.054000000000002,23.026,0.0132,0.0132
13.11.2023 07:21:00.272 GMT-0800,23.053,23.026999999999997,0.0132,0.0112
13.11.2023 07:21:14.757 GMT-0800,23.053,23.026999999999997,0.0132,0.0132
13.11.2023 07:21:15.252 GMT-0800,23.043000000000003,23.026999999999997,0.0132,0.0132
13.11.2023 07:21:17.907 GMT-0800,23.044,23.026,0.009,0.0112
13.11.2023 07:21:17.959 GMT-0800,23.053,23.037,0.0132,0.0132
13.11.2023 07:21:30.835 GMT-0800,23.044,23.035999999999998,0.0009,0.009
13.11.2023 07:21:30.885 GMT-0800,23.043000000000003,23.026999999999997,0.0132,0.0132
13.11.2023 07:21:44.669 GMT-0800,23.034000000000002,23.026,0.0009,0.009
13.11.2023 07:21:44.720 GMT-0800,23.034000000000002,23.016,0.0132,0.0132
13.11.2023 07:21:45.969 GMT-0800,23.044,23.016,0.0132,0.0132
13.11.2023 07:21:51.285 GMT-0800,23.033,23.017,0.0009,0.0132
13.11.2023 07:22:00.592 GMT-0800,23.033,23.017,0.009,0.0112
13.11.2023 07:22:00.643 GMT-0800,23.043000000000003,23.026999999999997,0.0132,0.0132
13.11.2023 07:22:19.797 GMT-0800,23.043000000000003,23.017,0.0132,0.0132
13.11.2023 07:22:19.848 GMT-0800,23.044,23.026,0.0132,0.0132
13.11.2023 07:22:20.978 GMT-0800,23.043000000000003,23.017,0.0132,0.0132
13.11.2023 07:22:22.006 GMT-0800,23.034000000000002,23.016,0.0132,0.0132
13.11.2023 07:22:40.697 GMT-0800,23.043000000000003,23.017,0.0132,0.0112
13.11.2023 07:22:40.799 GMT-0800,23.053,23.037,0.0132,0.0132
13.11.2023 07:23:01.278 GMT-0800,23.043000000000003,23.026999999999997,0.0132,0.0132
13.11.2023 07:23:06.143 GMT-0800,23.033,23.017,0.0132,0.0132
13.11.2023 07:23:09.381 GMT-0800,23.034000000000002,23.006,0.0132,0.0132
13.11.2023 07:23:09.596 GMT-0800,23.023000000000003,23.006999999999998,0.0009,0.0132
13.11.2023 07:23:11.293 GMT-0800,23.024,23.006,0.009,0.0112
13.11.2023 07:23:11.343 GMT-0800,23.034000000000002,23.016,0.0132,0.0132
13.11.2023 07:23:26.055 GMT-0800,23.034000000000002,23.006,0.0132,0.0132
13.11.2023 07:23:26.607 GMT-0800,23.034000000000002,23.006,0.0132,0.0112
13.11.2023 07:23:29.250 GMT-0800,23.024,23.006,0.0132,0.0132
13.11.2023 07:23:45.069 GMT-0800,23.014000000000003,22.996,0.0132,0.0132
13.11.2023 07:23:45.347 GMT-0800,23.004,22.996,0.0009,0.009
13.11.2023 07:23:45.448 GMT-0800,23.003000000000004,22.987,0.0132,0.0132
13.11.2023 07:23:48.400 GMT-0800,22.994,22.986,0.0009,0.009
13.11.2023 07:23:48.451 GMT-0800,22.994,22.976,0.0132,0.0132
13.11.2023 07:23:59.511 GMT-0800,23.003000000000004,22.977,0.0132,0.0132
13.11.2023 07:24:00.167 GMT-0800,23.004,22.976,0.0132,0.0112
13.11.2023 07:24:27.619 GMT-0800,22.994,22.976,0.0132,0.0132
13.11.2023 07:24:28.461 GMT-0800,22.993000000000002,22.977,0.009,0.0112
13.11.2023 07:24:28.512 GMT-0800,23.003000000000004,22.987,0.0132,0.0132
13.11.2023 07:24:57.990 GMT-0800,23.004,22.976,0.0132,0.0132
13.11.2023 07:24:58.379 GMT-0800,22.994,22.976,0.0009,0.0132
13.11.2023 07:25:01.881 GMT-0800,22.993000000000002,22.967,0.0132,0.0132
13.11.2023 07:25:02.886 GMT-0800,22.993000000000002,22.967,0.0132,0.0112
13.11.2023 07:25:03.162 GMT-0800,22.993000000000002,22.967,0.0132,0.0132
13.11.2023 07:25:03.949 GMT-0800,22.994,22.966,0.0132,0.0112
13.11.2023 07:25:15.108 GMT-0800,22.994,22.966,0.0132,0.0132
