Local time,Ask,Bid,AskVolume,BidVolume
13.11.2023 06:30:01.390 GMT-0800,172.303,169.067,0.0132,0.0132
13.11.2023 06:30:02.270 GMT-0800,171.91299999999998,169.067,0.0009,0.0132
13.11.2023 06:30:07.570 GMT-0800,172.303,169.067,0.0132,0.0132
13.11.2023 06:30:08.102 GMT-0800,171.803,169.067,0.0009,0.0132
13.11.2023 06:30:10.382 GMT-0800,171.103,169.067,0.0009,0.009
13.11.2023 06:30:10.433 GMT-0800,171.103,168.637,0.0132,0.0132
13.11.2023 06:30:10.484 GMT-0800,171.103,169.197,0.0132,0.0132
13.11.2023 06:30:13.300 GMT-0800,170.073,169.197,0.0009,0.0132
13.11.2023 06:30:16.147 GMT-0800,170.073,169.187,0.0132,0.0132
13.11.2023 06:30:27.649 GMT-0800,170.073,169.357,0.0132,0.0009
13.11.2023 06:30:42.095 GMT-0800,170.073,169.347,0.0132,0.0132
13.11.2023 06:30:52.824 GMT-0800,170.073,169.357,0.0132,0.0009
13.11.2023 06:30:57.153 GMT-0800,170.073,169.347,0.0132,0.0132
13.11.2023 06:31:44.276 GMT-0800,170.073,169.377,0.0132,0.0009
13.11.2023 06:32:37.077 GMT-0800,170.073,169.36700000000002,0.0132,0.0132
13.11.2023 06:32:39.351 GMT-0800,170.073,169.377,0.0132,0.0009
13.11.2023 06:32:40.230 GMT-0800,170.073,169.36700000000002,0.0132,0.0132
13.11.2023 06:32:40.339 GMT-0800,170.073,169.377,0.0132,0.0009
13.11.2023 06:32:40.586 GMT-0800,170.073,169.36700000000002,0.0132,0.0132
13.11.2023 06:32:45.120 GMT-0800,170.198,169.847,0.009,0.0009
13.11.2023 06:32:45.171 GMT-0800,170.953,169.36700000000002,0.0009,0.0132
13.11.2023 06:32:45.654 GMT-0800,170.953,169.51700000000002,0.0132,0.0009
13.11.2023 06:32:50.798 GMT-0800,170.953,169.507,0.0132,0.0132
13.11.2023 06:32:56.079 GMT-0800,170.953,170.33700000000002,0.009,0.0009
13.11.2023 06:32:56.129 GMT-0800,170.833,169.787,0.0132,0.0009
13.11.2023 06:32:56.298 GMT-0800,171.503,169.787,0.0132,0.0132
13.11.2023 06:32:56.535 GMT-0800,171.873,169.787,0.0132,0.0132
13.11.2023 06:32:56.586 GMT-0800,171.613,169.787,0.0009,0.0132
13.11.2023 06:32:56.748 GMT-0800,171.003,169.787,0.0009,0.0132
13.11.2023 06:32:58.225 GMT-0800,171.003,169.77700000000002,0.0132,0.0132
13.11.2023 06:33:01.156 GMT-0800,171.673,169.77700000000002,0.0132,0.0132
13.11.2023 06:33:07.589 GMT-0800,171.023,169.77700000000002,0.0009,0.0132
13.11.2023 06:33:12.054 GMT-0800,171.673,169.77700000000002,0.0132,0.0132
13.11.2023 06:33:12.213 GMT-0800,171.023,169.77700000000002,0.0132,0.0132
13.11.2023 06:33:20.133 GMT-0800,171.673,169.77700000000002,0.0132,0.0132
13.11.2023 06:33:20.183 GMT-0800,171.003,169.77700000000002,0.0009,0.0132
13.11.2023 06:33:21.634 GMT-0800,171.023,169.77700000000002,0.0132,0.0132
13.11.2023 06:33:51.540 GMT-0800,171.673,169.77700000000002,0.0132,0.0132
13.11.2023 06:34:07.280 GMT-0800,170.793,169.77700000000002,0.0009,0.0132
13.11.2023 06:34:07.331 GMT-0800,171.673,169.77700000000002,0.0132,0.0132
13.11.2023 06:34:07.382 GMT-0800,171.453,169.77700000000002,0.0009,0.0132
13.11.2023 06:34:11.025 GMT-0800,171.463,169.77700000000002,0.0132,0.0132
13.11.2023 06:35:10.287 GMT-0800,171.463,169.76700000000002,0.0132,0.0132
13.11.2023 06:35:26.996 GMT-0800,171.453,169.76700000000002,0.0009,0.0132
13.11.2023 06:35:31.136 GMT-0800,171.453,169.877,0.0132,0.0009
13.11.2023 06:35:31.452 GMT-0800,171.463,169.877,0.0132,0.0132
13.11.2023 06:35:34.581 GMT-0800,171.463,169.997,0.0132,0.0009
13.11.2023 06:35:48.696 GMT-0800,170.843,169.997,0.0009,0.0132
13.11.2023 06:36:05.947 GMT-0800,171.463,169.997,0.0132,0.0132
13.11.2023 06:36:05.998 GMT-0800,171.44299999999998,169.997,0.0009,0.0132
13.11.2023 06:36:07.366 GMT-0800,170.41,169.997,0.0009,0.009
13.11.2023 06:36:07.417 GMT-0800,170.323,169.877,0.0132,0.0132
13.11.2023 06:36:11.474 GMT-0800,170.123,169.877,0.0009,0.009
13.11.2023 06:36:11.525 GMT-0800,170.123,169.507,0.0132,0.0132
13.11.2023 06:36:11.576 GMT-0800,170.213,169.507,0.0132,0.0132
13.11.2023 06:36:11.712 GMT-0800,170.213,169.187,0.0132,0.0132
13.11.2023 06:36:12.044 GMT-0800,170.213,169.387,0.0132,0.0009
13.11.2023 06:36:12.146 GMT-0800,170.083,169.187,0.0132,0.0132
13.11.2023 06:36:27.754 GMT-0800,170.073,169.187,0.0009,0.0132
13.11.2023 06:36:32.896 GMT-0800,170.073,169.387,0.0132,0.0009
13.11.2023 06:36:46.388 GMT-0800,170.073,169.187,0.0132,0.0132
13.11.2023 06:37:02.886 GMT-0800,170.073,169.39700000000002,0.0132,0.0009
13.11.2023 06:37:18.309 GMT-0800,170.073,169.357,0.0132,0.0132
13.11.2023 06:37:18.786 GMT-0800,170.073,169.407,0.0132,0.0009
13.11.2023 06:37:31.821 GMT-0800,170.073,169.357,0.0132,0.0132
13.11.2023 06:38:25.233 GMT-0800,171.313,169.357,0.0132,0.0132
13.11.2023 06:38:25.284 GMT-0800,170.873,169.357,0.0132,0.0132
13.11.2023 06:38:27.758 GMT-0800,170.873,169.407,0.0132,0.0009
13.11.2023 06:38:30.368 GMT-0800,170.873,169.39700000000002,0.0132,0.0132
13.11.2023 06:38:40.221 GMT-0800,169.868,169.39700000000002,0.0009,0.009
13.11.2023 06:38:40.272 GMT-0800,170.873,169.39700000000002,0.012,0.009
13.11.2023 06:38:40.322 GMT-0800,169.383,168.817,0.0132,0.0132
13.11.2023 06:38:40.432 GMT-0800,169.383,168.42700000000002,0.0132,0.0132
13.11.2023 06:38:40.570 GMT-0800,169.373,168.977,0.0132,0.0132
13.11.2023 06:38:40.832 GMT-0800,169.373,168.317,0.0132,0.0132
13.11.2023 06:38:40.883 GMT-0800,169.373,168.327,0.0132,0.0132
13.11.2023 06:38:41.018 GMT-0800,169.383,168.327,0.0132,0.0132
13.11.2023 06:38:41.068 GMT-0800,169.373,168.327,0.0132,0.0132
13.11.2023 06:38:41.527 GMT-0800,169.373,168.667,0.009,0.0009
13.11.2023 06:38:41.578 GMT-0800,169.743,168.667,0.0132,0.0132
13.11.2023 06:38:41.629 GMT-0800,169.743,168.67700000000002,0.0132,0.0132
13.11.2023 06:38:41.770 GMT-0800,169.743,168.667,0.0132,0.0132
13.11.2023 06:38:45.670 GMT-0800,169.743,168.327,0.0132,0.0132
13.11.2023 06:38:46.011 GMT-0800,169.743,168.33700000000002,0.0132,0.0009
13.11.2023 06:38:46.172 GMT-0800,169.743,168.327,0.0132,0.0132
13.11.2023 06:38:46.834 GMT-0800,169.743,168.33700000000002,0.0132,0.0009
13.11.2023 06:38:47.020 GMT-0800,169.743,168.327,0.0132,0.0132
13.11.2023 06:38:50.265 GMT-0800,169.753,168.327,0.0132,0.0132
13.11.2023 06:38:52.803 GMT-0800,169.753,168.33700000000002,0.0132,0.0009
13.11.2023 06:38:53.017 GMT-0800,169.753,168.317,0.0132,0.0132
13.11.2023 06:38:56.086 GMT-0800,169.753,169.257,0.0132,0.0009
13.11.2023 06:38:56.137 GMT-0800,169.753,168.83700000000002,0.0132,0.0132
13.11.2023 06:38:57.807 GMT-0800,169.753,168.847,0.0132,0.0009
13.11.2023 06:38:57.974 GMT-0800,169.753,168.83700000000002,0.0132,0.0132
13.11.2023 06:38:58.662 GMT-0800,169.753,168.827,0.0132,0.0132
13.11.2023 06:38:58.721 GMT-0800,169.753,168.83700000000002,0.0132,0.0009
13.11.2023 06:38:58.872 GMT-0800,169.753,168.827,0.0132,0.0132
13.11.2023 06:39:15.053 GMT-0800,169.753,168.83700000000002,0.0132,0.0009
13.11.2023 06:39:15.284 GMT-0800,169.753,168.827,0.0132,0.0132
13.11.2023 06:39:27.410 GMT-0800,169.753,168.83700000000002,0.0132,0.0009
13.11.2023 06:39:27.511 GMT-0800,169.753,168.827,0.0132,0.0132
13.11.2023 06:39:29.115 GMT-0800,169.753,168.83700000000002,0.0132,0.0009
13.11.2023 06:39:29.319 GMT-0800,169.753,168.827,0.0132,0.0132
13.11.2023 06:39:38.186 GMT-0800,169.753,168.917,0.009,0.0009
13.11.2023 06:39:38.280 GMT-0800,169.853,168.917,0.0132,0.0132
13.11.2023 06:39:39.300 GMT-0800,169.853,168.92700000000002,0.0132,0.0009
13.11.2023 06:39:39.525 GMT-0800,169.853,168.917,0.0132,0.0132
13.11.2023 06:39:39.691 GMT-0800,169.853,168.907,0.0132,0.0132
13.11.2023 06:39:45.231 GMT-0800,169.853,168.917,0.0132,0.0009
13.11.2023 06:39:45.383 GMT-0800,169.853,168.907,0.0132,0.0132
13.11.2023 06:39:47.538 GMT-0800,169.853,168.917,0.0132,0.0009
13.11.2023 06:39:47.589 GMT-0800,169.853,168.907,0.0132,0.0132
13.11.2023 06:39:50.348 GMT-0800,170.733,169.107,0.0132,0.0132
13.11.2023 06:39:50.399 GMT-0800,170.673,169.107,0.0132,0.0132
13.11.2023 06:39:50.450 GMT-0800,170.673,169.097,0.0132,0.0132
13.11.2023 06:39:51.036 GMT-0800,170.353,169.23700000000002,0.0009,0.0009
13.11.2023 06:39:51.532 GMT-0800,170.733,169.23700000000002,0.0132,0.0132
13.11.2023 06:39:52.088 GMT-0800,170.22299999999998,169.23700000000002,0.0009,0.0132
13.11.2023 06:39:52.859 GMT-0800,170.733,169.23700000000002,0.0132,0.0132
13.11.2023 06:39:53.120 GMT-0800,170.573,169.23700000000002,0.0009,0.0132
13.11.2023 06:39:53.813 GMT-0800,170.733,169.23700000000002,0.0132,0.0132
13.11.2023 06:39:54.166 GMT-0800,170.373,169.23700000000002,0.0009,0.0132
13.11.2023 06:39:55.136 GMT-0800,170.733,169.23700000000002,0.0132,0.0132
13.11.2023 06:39:58.873 GMT-0800,170.733,169.097,0.0132,0.0132
13.11.2023 06:40:44.627 GMT-0800,170.733,169.167,0.0132,0.0009
13.11.2023 06:40:48.643 GMT-0800,170.733,169.227,0.0132,0.0009
13.11.2023 06:41:14.198 GMT-0800,169.733,169.227,0.0009,0.0132
13.11.2023 06:41:14.307 GMT-0800,169.513,168.827,0.0132,0.0132
13.11.2023 06:41:14.558 GMT-0800,169.513,168.357,0.0132,0.0132
13.11.2023 06:41:14.885 GMT-0800,169.513,168.86700000000002,0.0132,0.0009
13.11.2023 06:41:18.864 GMT-0800,169.513,168.877,0.0132,0.0009
13.11.2023 06:41:18.965 GMT-0800,169.513,168.86700000000002,0.0132,0.0132
13.11.2023 06:41:19.270 GMT-0800,169.513,168.357,0.0132,0.0132
13.11.2023 06:41:23.612 GMT-0800,169.513,169.047,0.0132,0.0009
13.11.2023 06:41:24.465 GMT-0800,170.733,168.967,0.0132,0.0132
13.11.2023 06:41:24.635 GMT-0800,170.503,169.14700000000002,0.0132,0.0009
13.11.2023 06:41:25.025 GMT-0800,169.94299999999998,169.14700000000002,0.0009,0.0132
13.11.2023 06:41:25.271 GMT-0800,169.94299999999998,168.547,0.0132,0.0132
13.11.2023 06:41:25.369 GMT-0800,169.94299999999998,169.227,0.0132,0.0009
13.11.2023 06:41:26.083 GMT-0800,170.733,169.127,0.0132,0.0132
13.11.2023 06:41:26.134 GMT-0800,170.603,169.127,0.0132,0.0132
13.11.2023 06:41:26.242 GMT-0800,170.603,169.377,0.0132,0.0132
13.11.2023 06:41:29.364 GMT-0800,170.603,168.757,0.0132,0.0132
13.11.2023 06:41:39.991 GMT-0800,170.603,168.76700000000002,0.0132,0.0009
13.11.2023 06:41:40.102 GMT-0800,170.603,168.757,0.0132,0.0132
13.11.2023 06:41:49.765 GMT-0800,170.603,168.76700000000002,0.0132,0.0009
13.11.2023 06:41:49.866 GMT-0800,170.603,168.757,0.0132,0.0132
13.11.2023 06:41:50.873 GMT-0800,170.603,168.76700000000002,0.0132,0.0009
13.11.2023 06:41:51.079 GMT-0800,170.603,168.757,0.0132,0.0132
13.11.2023 06:42:15.575 GMT-0800,170.603,168.76700000000002,0.0132,0.0009
13.11.2023 06:42:15.676 GMT-0800,170.603,168.757,0.0132,0.0132
13.11.2023 06:42:21.703 GMT-0800,170.603,168.76700000000002,0.0132,0.0009
13.11.2023 06:42:21.809 GMT-0800,170.603,168.757,0.0132,0.0132
13.11.2023 06:42:25.292 GMT-0800,170.603,168.76700000000002,0.0132,0.0009
13.11.2023 06:42:25.394 GMT-0800,170.603,168.757,0.0132,0.0132
13.11.2023 06:42:26.001 GMT-0800,170.603,168.76700000000002,0.0132,0.0009
13.11.2023 06:42:26.179 GMT-0800,170.603,168.757,0.0132,0.0132
13.11.2023 06:42:29.551 GMT-0800,170.613,168.747,0.0132,0.0132
13.11.2023 06:42:29.606 GMT-0800,170.603,168.827,0.0009,0.0009
13.11.2023 06:42:33.496 GMT-0800,170.603,168.747,0.0132,0.0132
13.11.2023 06:42:33.651 GMT-0800,170.603,168.787,0.0132,0.0009
13.11.2023 06:42:34.326 GMT-0800,170.603,168.797,0.0132,0.0009
13.11.2023 06:42:34.427 GMT-0800,170.603,168.787,0.0132,0.0132
13.11.2023 06:42:37.015 GMT-0800,170.603,169.717,0.009,0.0009
13.11.2023 06:42:37.067 GMT-0800,170.613,169.717,0.0132,0.0132
13.11.2023 06:42:37.625 GMT-0800,170.613,169.86700000000002,0.0132,0.0009
13.11.2023 06:42:37.676 GMT-0800,170.613,168.80700000000002,0.0132,0.0132
13.11.2023 06:42:37.727 GMT-0800,170.613,169.417,0.0132,0.0132
13.11.2023 06:42:40.003 GMT-0800,170.613,168.747,0.0132,0.0132
13.11.2023 06:42:40.054 GMT-0800,170.613,169.377,0.0132,0.0009
13.11.2023 06:42:41.516 GMT-0800,170.573,169.377,0.0009,0.0132
13.11.2023 06:42:41.740 GMT-0800,170.523,169.377,0.0009,0.0132
13.11.2023 06:42:45.091 GMT-0800,170.47299999999998,169.377,0.0009,0.0132
13.11.2023 06:42:45.478 GMT-0800,170.47299999999998,168.747,0.0132,0.0132
13.11.2023 06:42:45.683 GMT-0800,170.47299999999998,169.33700000000002,0.0132,0.0009
13.11.2023 06:43:04.936 GMT-0800,170.053,169.657,0.0009,0.0009
13.11.2023 06:43:10.119 GMT-0800,170.053,169.097,0.0132,0.0132
13.11.2023 06:43:49.467 GMT-0800,170.053,169.907,0.009,0.0009
13.11.2023 06:43:49.518 GMT-0800,170.583,169.907,0.0132,0.0132
13.11.2023 06:43:51.417 GMT-0800,170.583,169.17700000000002,0.0132,0.0132
13.11.2023 06:44:02.736 GMT-0800,170.393,169.17700000000002,0.0009,0.0132
13.11.2023 06:44:02.887 GMT-0800,170.583,169.167,0.0132,0.0132
13.11.2023 06:44:04.217 GMT-0800,170.203,169.167,0.0009,0.0132
13.11.2023 06:44:05.937 GMT-0800,170.203,169.55700000000002,0.0132,0.0009
13.11.2023 06:44:08.328 GMT-0800,170.583,169.55700000000002,0.0132,0.0132
13.11.2023 06:44:09.130 GMT-0800,170.533,169.447,0.0132,0.0132
13.11.2023 06:44:10.064 GMT-0800,169.873,169.447,0.0009,0.0132
13.11.2023 06:44:46.582 GMT-0800,169.873,169.23700000000002,0.0132,0.0132
13.11.2023 06:45:02.204 GMT-0800,169.873,169.08700000000002,0.0132,0.0132
13.11.2023 06:45:02.607 GMT-0800,169.873,169.26700000000002,0.0132,0.0009
13.11.2023 06:45:06.623 GMT-0800,169.873,169.08700000000002,0.0132,0.0132
13.11.2023 06:45:07.191 GMT-0800,169.873,169.327,0.0132,0.0009
13.11.2023 06:45:08.520 GMT-0800,169.623,169.327,0.0009,0.009
13.11.2023 06:45:08.622 GMT-0800,169.623,168.747,0.0132,0.0132
13.11.2023 06:45:08.831 GMT-0800,169.623,169.217,0.0132,0.0009
13.11.2023 06:45:26.957 GMT-0800,169.623,168.757,0.0132,0.0132
13.11.2023 06:45:27.089 GMT-0800,169.623,168.747,0.0132,0.0132
13.11.2023 06:45:27.139 GMT-0800,169.623,169.227,0.0132,0.0009
13.11.2023 06:45:30.106 GMT-0800,169.623,169.23700000000002,0.0132,0.0009
13.11.2023 06:45:30.471 GMT-0800,169.623,169.227,0.0132,0.0132
13.11.2023 06:45:42.939 GMT-0800,169.623,168.747,0.0132,0.0132
13.11.2023 06:45:43.385 GMT-0800,169.623,169.247,0.0132,0.0009
13.11.2023 06:46:00.119 GMT-0800,169.793,168.757,0.0132,0.0132
13.11.2023 06:46:00.220 GMT-0800,169.793,168.747,0.0132,0.0132
13.11.2023 06:46:11.983 GMT-0800,169.743,169.247,0.0009,0.0009
13.11.2023 06:46:13.442 GMT-0800,169.813,168.757,0.0132,0.0132
13.11.2023 06:46:13.493 GMT-0800,169.813,168.80700000000002,0.0132,0.0132
13.11.2023 06:46:13.609 GMT-0800,169.813,169.45700000000002,0.0132,0.0009
13.11.2023 06:46:13.711 GMT-0800,170.423,169.467,0.0132,0.0132
13.11.2023 06:46:14.150 GMT-0800,170.583,169.467,0.0132,0.0132
13.11.2023 06:46:14.723 GMT-0800,170.583,169.247,0.0132,0.0132
13.11.2023 06:46:26.401 GMT-0800,170.19299999999998,169.247,0.0009,0.0132
13.11.2023 06:46:29.415 GMT-0800,170.573,169.627,0.009,0.0132
13.11.2023 06:46:29.465 GMT-0800,170.583,169.627,0.0132,0.0132
13.11.2023 06:46:42.633 GMT-0800,169.963,168.95700000000002,0.0132,0.0132
13.11.2023 06:46:42.684 GMT-0800,169.963,168.947,0.0132,0.0132
13.11.2023 06:46:45.782 GMT-0800,169.963,169.61700000000002,0.0132,0.0009
13.11.2023 06:47:07.449 GMT-0800,169.963,168.947,0.0132,0.0132
13.11.2023 06:47:09.579 GMT-0800,169.963,169.39700000000002,0.0132,0.0009
13.11.2023 06:47:11.073 GMT-0800,169.963,169.61700000000002,0.0132,0.0009
13.11.2023 06:47:20.336 GMT-0800,169.97,169.76700000000002,0.009,0.0009
13.11.2023 06:47:20.387 GMT-0800,170.533,169.637,0.0132,0.0132
13.11.2023 06:47:20.570 GMT-0800,170.533,169.697,0.0132,0.0009
13.11.2023 06:47:21.779 GMT-0800,170.583,169.697,0.0132,0.0132
13.11.2023 06:47:26.699 GMT-0800,170.483,169.697,0.0009,0.0132
13.11.2023 06:47:31.769 GMT-0800,170.513,169.697,0.0132,0.0132
13.11.2023 06:47:36.686 GMT-0800,170.47299999999998,169.697,0.0009,0.0132
13.11.2023 06:47:41.712 GMT-0800,170.41299999999998,169.697,0.0009,0.0132
13.11.2023 06:47:46.787 GMT-0800,170.44299999999998,169.697,0.0132,0.0132
13.11.2023 06:47:56.771 GMT-0800,170.503,169.697,0.0132,0.0132
13.11.2023 06:48:01.771 GMT-0800,170.523,169.697,0.0132,0.0132
13.11.2023 06:48:06.717 GMT-0800,170.513,169.697,0.0009,0.0132
13.11.2023 06:48:11.765 GMT-0800,170.533,169.697,0.0132,0.0132
13.11.2023 06:48:16.715 GMT-0800,170.503,169.697,0.0009,0.0132
13.11.2023 06:48:20.962 GMT-0800,170.493,169.747,0.0009,0.0009
13.11.2023 06:48:23.515 GMT-0800,170.493,169.757,0.0132,0.0009
13.11.2023 06:48:24.013 GMT-0800,170.453,169.747,0.0132,0.0132
13.11.2023 06:48:24.873 GMT-0800,170.453,169.80700000000002,0.0132,0.0009
13.11.2023 06:48:26.127 GMT-0800,170.553,169.80700000000002,0.0132,0.0132
13.11.2023 06:48:26.759 GMT-0800,170.583,169.80700000000002,0.0132,0.0132
13.11.2023 06:48:26.824 GMT-0800,170.583,169.86700000000002,0.0132,0.0009
13.11.2023 06:48:28.570 GMT-0800,170.583,169.89700000000002,0.0132,0.0009
13.11.2023 06:48:28.848 GMT-0800,170.323,169.89700000000002,0.0009,0.009
13.11.2023 06:48:28.899 GMT-0800,170.323,169.86700000000002,0.0132,0.0132
13.11.2023 06:48:30.590 GMT-0800,170.323,169.877,0.0132,0.0009
13.11.2023 06:48:30.691 GMT-0800,170.583,169.877,0.0132,0.0132
13.11.2023 06:48:33.641 GMT-0800,170.583,169.917,0.0132,0.0009
13.11.2023 06:48:38.677 GMT-0800,170.273,169.917,0.0009,0.009
13.11.2023 06:48:38.728 GMT-0800,170.263,169.747,0.0132,0.0132
13.11.2023 06:48:39.804 GMT-0800,170.353,169.747,0.0132,0.0132
13.11.2023 06:48:41.704 GMT-0800,170.263,169.747,0.0009,0.0132
13.11.2023 06:48:46.792 GMT-0800,170.343,169.747,0.0132,0.0132
13.11.2023 06:48:47.715 GMT-0800,170.343,169.847,0.0132,0.0009
13.11.2023 06:48:47.946 GMT-0800,170.343,169.857,0.0132,0.0009
13.11.2023 06:48:48.181 GMT-0800,170.343,169.847,0.0132,0.0132
13.11.2023 06:48:51.750 GMT-0800,170.393,169.847,0.0132,0.0132
13.11.2023 06:48:56.773 GMT-0800,170.423,169.847,0.0132,0.0132
13.11.2023 06:49:01.066 GMT-0800,170.47299999999998,169.847,0.0132,0.0132
13.11.2023 06:49:01.688 GMT-0800,170.313,169.847,0.0009,0.0132
13.11.2023 06:49:04.505 GMT-0800,170.283,169.847,0.0009,0.0132
13.11.2023 06:49:10.295 GMT-0800,170.283,169.907,0.0132,0.0009
13.11.2023 06:49:22.654 GMT-0800,170.283,169.917,0.0132,0.0009
13.11.2023 06:49:44.512 GMT-0800,170.283,169.92700000000002,0.0132,0.0132
13.11.2023 06:50:01.510 GMT-0800,170.283,170.08700000000002,0.009,0.0009
13.11.2023 06:50:01.561 GMT-0800,170.583,170.077,0.0132,0.0132
13.11.2023 06:50:03.447 GMT-0800,170.583,170.01700000000002,0.0132,0.0132
13.11.2023 06:50:09.777 GMT-0800,170.583,170.02700000000002,0.0132,0.0009
13.11.2023 06:50:14.389 GMT-0800,170.583,170.01700000000002,0.0132,0.0132
13.11.2023 06:50:14.490 GMT-0800,170.583,170.02700000000002,0.0132,0.0009
13.11.2023 06:50:16.243 GMT-0800,170.583,170.01700000000002,0.0132,0.0132
13.11.2023 06:50:16.344 GMT-0800,170.583,170.02700000000002,0.0132,0.0009
13.11.2023 06:50:16.395 GMT-0800,170.583,170.01700000000002,0.0132,0.0132
13.11.2023 06:50:16.547 GMT-0800,170.583,170.02700000000002,0.0132,0.0009
13.11.2023 06:50:16.812 GMT-0800,170.583,170.01700000000002,0.0132,0.0132
13.11.2023 06:50:23.966 GMT-0800,170.583,170.02700000000002,0.0132,0.0009
13.11.2023 06:50:32.395 GMT-0800,170.583,170.037,0.0132,0.0009
13.11.2023 06:50:32.564 GMT-0800,170.613,170.037,0.0132,0.0132
13.11.2023 06:50:32.804 GMT-0800,170.743,170.037,0.0132,0.0132
13.11.2023 06:50:33.435 GMT-0800,170.743,170.02700000000002,0.0132,0.0132
13.11.2023 06:50:34.336 GMT-0800,170.743,170.287,0.0132,0.0009
13.11.2023 06:50:34.440 GMT-0800,170.743,170.297,0.0132,0.0009
13.11.2023 06:50:44.533 GMT-0800,170.743,170.14700000000002,0.0132,0.0132
13.11.2023 06:51:08.109 GMT-0800,170.853,170.14700000000002,0.0132,0.0132
13.11.2023 06:51:13.713 GMT-0800,170.853,170.357,0.0132,0.0009
13.11.2023 06:51:16.740 GMT-0800,170.883,170.357,0.0132,0.0132
13.11.2023 06:51:21.732 GMT-0800,170.863,170.357,0.0009,0.0132
13.11.2023 06:51:26.686 GMT-0800,170.823,170.357,0.0009,0.0132
13.11.2023 06:51:27.261 GMT-0800,170.573,170.137,0.009,0.0132
13.11.2023 06:51:27.312 GMT-0800,170.813,170.137,0.0132,0.0132
13.11.2023 06:51:28.566 GMT-0800,170.813,170.20700000000002,0.0132,0.0009
13.11.2023 06:51:29.745 GMT-0800,170.823,170.20700000000002,0.0132,0.0132
13.11.2023 06:51:31.067 GMT-0800,170.403,170.20700000000002,0.0009,0.009
13.11.2023 06:51:31.118 GMT-0800,170.393,170.137,0.0132,0.0132
13.11.2023 06:51:41.050 GMT-0800,170.393,170.167,0.0132,0.0009
13.11.2023 06:51:52.183 GMT-0800,170.393,170.17700000000002,0.009,0.0009
13.11.2023 06:51:52.234 GMT-0800,170.823,170.17700000000002,0.0132,0.0132
13.11.2023 06:51:52.466 GMT-0800,170.823,170.167,0.0132,0.0132
13.11.2023 06:51:52.919 GMT-0800,170.823,170.17700000000002,0.0132,0.0009
13.11.2023 06:52:06.283 GMT-0800,170.823,170.217,0.0132,0.0009
13.11.2023 06:52:11.127 GMT-0800,170.823,170.36700000000002,0.0132,0.0009
13.11.2023 06:52:11.178 GMT-0800,170.823,170.30700000000002,0.0132,0.0132
13.11.2023 06:52:13.304 GMT-0800,170.823,170.327,0.0132,0.0009
13.11.2023 06:52:15.522 GMT-0800,170.823,170.51700000000002,0.0132,0.0009
13.11.2023 06:52:34.464 GMT-0800,170.69299999999998,170.51700000000002,0.0009,0.009
13.11.2023 06:52:34.515 GMT-0800,170.823,170.51700000000002,0.0132,0.009
13.11.2023 06:52:34.566 GMT-0800,170.823,170.387,0.0132,0.0132
13.11.2023 06:52:41.717 GMT-0800,170.813,170.387,0.0009,0.0132
13.11.2023 06:52:45.251 GMT-0800,170.623,170.387,0.0009,0.009
13.11.2023 06:52:45.301 GMT-0800,170.813,170.387,0.0132,0.009
13.11.2023 06:52:45.406 GMT-0800,170.813,170.327,0.0132,0.0132
13.11.2023 06:52:46.728 GMT-0800,170.823,170.327,0.0132,0.0132
13.11.2023 06:52:47.569 GMT-0800,170.823,170.30700000000002,0.0132,0.0132
13.11.2023 06:52:51.698 GMT-0800,170.783,170.30700000000002,0.0009,0.0132
13.11.2023 06:53:01.751 GMT-0800,170.823,170.30700000000002,0.0132,0.0132
13.11.2023 06:53:11.731 GMT-0800,170.733,170.30700000000002,0.0009,0.0132
13.11.2023 06:53:16.724 GMT-0800,170.743,170.30700000000002,0.0132,0.0132
13.11.2023 06:53:21.791 GMT-0800,170.803,170.30700000000002,0.0132,0.0132
13.11.2023 06:53:26.733 GMT-0800,170.823,170.30700000000002,0.0132,0.0132
13.11.2023 06:55:00.749 GMT-0800,170.743,170.30700000000002,0.0009,0.0132
13.11.2023 06:55:02.514 GMT-0800,170.493,170.30700000000002,0.0009,0.0132
13.11.2023 06:55:02.665 GMT-0800,170.423,170.30700000000002,0.0009,0.009
13.11.2023 06:55:02.716 GMT-0800,170.423,170.217,0.0132,0.0132
13.11.2023 06:55:03.736 GMT-0800,170.423,170.20700000000002,0.0132,0.0132
13.11.2023 06:55:07.675 GMT-0800,170.423,170.17700000000002,0.0132,0.0132
13.11.2023 06:55:08.945 GMT-0800,170.493,170.17700000000002,0.0132,0.0132
13.11.2023 06:55:18.109 GMT-0800,170.493,170.197,0.0132,0.0009
13.11.2023 06:55:25.736 GMT-0800,170.483,170.197,0.0009,0.0132
13.11.2023 06:55:30.782 GMT-0800,170.493,170.197,0.0132,0.0132
13.11.2023 06:55:37.755 GMT-0800,170.373,170.197,0.0009,0.009
13.11.2023 06:55:37.806 GMT-0800,170.493,170.01700000000002,0.0132,0.0132
13.11.2023 06:55:40.729 GMT-0800,170.47299999999998,170.01700000000002,0.0009,0.0132
13.11.2023 06:55:45.769 GMT-0800,170.483,170.01700000000002,0.0132,0.0132
13.11.2023 06:55:48.579 GMT-0800,170.483,170.02700000000002,0.0132,0.0009
13.11.2023 06:55:50.765 GMT-0800,170.493,170.02700000000002,0.0132,0.0132
13.11.2023 06:55:55.726 GMT-0800,170.463,170.02700000000002,0.0009,0.0132
13.11.2023 06:56:00.716 GMT-0800,170.433,170.02700000000002,0.0009,0.0132
13.11.2023 06:56:05.743 GMT-0800,170.41299999999998,170.02700000000002,0.0009,0.0132
13.11.2023 06:56:10.713 GMT-0800,170.403,170.02700000000002,0.0009,0.0132
13.11.2023 06:56:15.751 GMT-0800,170.383,170.02700000000002,0.0009,0.0132
13.11.2023 06:56:20.764 GMT-0800,170.403,170.02700000000002,0.0132,0.0132
13.11.2023 06:56:22.252 GMT-0800,170.243,170.02700000000002,0.0009,0.009
13.11.2023 06:56:22.302 GMT-0800,170.263,169.33700000000002,0.0132,0.0132
13.11.2023 06:56:32.072 GMT-0800,170.123,169.33700000000002,0.0009,0.0132
13.11.2023 06:56:33.996 GMT-0800,170.263,169.33700000000002,0.0132,0.0132
13.11.2023 06:56:35.692 GMT-0800,170.22299999999998,169.33700000000002,0.0009,0.0132
13.11.2023 06:56:36.820 GMT-0800,170.22299999999998,169.64700000000002,0.0132,0.0009
13.11.2023 06:56:38.204 GMT-0800,170.22299999999998,169.77700000000002,0.0132,0.0009
13.11.2023 06:56:40.758 GMT-0800,170.243,169.77700000000002,0.0132,0.0132
13.11.2023 06:56:42.908 GMT-0800,170.243,169.817,0.0132,0.0009
13.11.2023 06:56:45.724 GMT-0800,170.22299999999998,169.817,0.0009,0.0132
13.11.2023 06:56:45.825 GMT-0800,170.22299999999998,169.77700000000002,0.0132,0.0132
13.11.2023 06:56:50.741 GMT-0800,170.153,169.77700000000002,0.0009,0.0132
13.11.2023 06:56:55.707 GMT-0800,170.123,169.77700000000002,0.0009,0.0132
13.11.2023 06:56:57.531 GMT-0800,170.073,169.77700000000002,0.0009,0.0132
13.11.2023 06:57:11.074 GMT-0800,170.073,169.787,0.0132,0.0009
13.11.2023 06:57:12.759 GMT-0800,170.063,169.787,0.0009,0.0132
13.11.2023 06:57:13.994 GMT-0800,170.063,169.797,0.0132,0.0009
13.11.2023 06:57:16.028 GMT-0800,170.063,169.787,0.0132,0.0132
13.11.2023 06:57:27.968 GMT-0800,170.063,169.77700000000002,0.0132,0.0132
13.11.2023 06:57:33.027 GMT-0800,170.063,169.797,0.0132,0.0009
13.11.2023 06:57:57.199 GMT-0800,170.063,169.80700000000002,0.0132,0.0009
13.11.2023 06:58:29.852 GMT-0800,170.033,169.80700000000002,0.0009,0.009
13.11.2023 06:58:29.947 GMT-0800,170.033,169.747,0.0132,0.0132
13.11.2023 06:58:35.563 GMT-0800,170.033,169.757,0.0132,0.0009
13.11.2023 06:58:36.630 GMT-0800,170.033,169.747,0.0132,0.0132
13.11.2023 06:58:40.875 GMT-0800,170.333,169.757,0.0132,0.0132
13.11.2023 06:58:40.931 GMT-0800,170.333,169.817,0.0132,0.0009
13.11.2023 06:58:41.943 GMT-0800,170.333,169.827,0.0132,0.0009
13.11.2023 06:58:42.655 GMT-0800,170.333,169.817,0.0132,0.0132
13.11.2023 06:58:43.506 GMT-0800,170.333,169.747,0.0132,0.0132
13.11.2023 06:58:45.013 GMT-0800,170.333,169.847,0.0132,0.0009
13.11.2023 06:58:47.426 GMT-0800,170.333,169.857,0.0132,0.0009
13.11.2023 06:58:48.844 GMT-0800,170.293,169.857,0.0009,0.0132
13.11.2023 06:58:48.945 GMT-0800,170.293,169.847,0.0132,0.0132
13.11.2023 06:58:49.173 GMT-0800,170.293,169.857,0.0132,0.0009
13.11.2023 06:58:49.650 GMT-0800,170.293,169.847,0.0132,0.0132
13.11.2023 06:58:49.701 GMT-0800,170.293,169.857,0.0132,0.0009
13.11.2023 06:58:49.883 GMT-0800,170.293,169.847,0.0132,0.0132
13.11.2023 06:58:50.012 GMT-0800,170.293,169.857,0.0132,0.0009
13.11.2023 06:58:50.313 GMT-0800,170.293,169.847,0.0132,0.0132
13.11.2023 06:58:52.055 GMT-0800,170.293,169.857,0.0132,0.0009
13.11.2023 06:58:52.729 GMT-0800,170.293,169.847,0.0132,0.0132
13.11.2023 06:58:56.629 GMT-0800,170.293,169.857,0.0132,0.0009
13.11.2023 06:58:57.032 GMT-0800,170.293,169.847,0.0132,0.0132
13.11.2023 06:58:57.226 GMT-0800,170.293,169.857,0.0132,0.0009
13.11.2023 06:58:57.665 GMT-0800,170.293,169.847,0.0132,0.0132
13.11.2023 06:58:57.825 GMT-0800,170.293,169.857,0.0132,0.0009
13.11.2023 06:58:58.344 GMT-0800,170.293,169.847,0.0132,0.0132
13.11.2023 06:58:58.396 GMT-0800,170.293,169.857,0.0132,0.0009
13.11.2023 06:59:00.380 GMT-0800,170.293,169.747,0.0132,0.0132
13.11.2023 06:59:01.296 GMT-0800,170.293,169.86700000000002,0.0132,0.0009
13.11.2023 06:59:02.071 GMT-0800,170.293,169.877,0.0132,0.0009
13.11.2023 06:59:03.433 GMT-0800,170.293,169.86700000000002,0.0132,0.0132
13.11.2023 06:59:03.484 GMT-0800,170.293,169.877,0.0132,0.0009
13.11.2023 06:59:03.792 GMT-0800,170.293,169.86700000000002,0.0132,0.0132
13.11.2023 06:59:03.842 GMT-0800,170.293,169.877,0.0132,0.0132
13.11.2023 06:59:07.545 GMT-0800,170.293,169.86700000000002,0.0132,0.0132
13.11.2023 06:59:07.655 GMT-0800,170.293,169.877,0.0132,0.0009
13.11.2023 06:59:07.756 GMT-0800,170.293,169.86700000000002,0.0132,0.0132
13.11.2023 06:59:09.925 GMT-0800,170.293,169.687,0.0132,0.0132
13.11.2023 06:59:13.102 GMT-0800,170.093,169.687,0.0009,0.0132
13.11.2023 06:59:27.955 GMT-0800,170.093,169.73700000000002,0.0132,0.0009
13.11.2023 06:59:28.311 GMT-0800,169.91299999999998,169.73700000000002,0.0009,0.009
13.11.2023 06:59:28.362 GMT-0800,169.91299999999998,169.64700000000002,0.0132,0.0132
13.11.2023 06:59:31.729 GMT-0800,169.91299999999998,169.55700000000002,0.0132,0.0132
13.11.2023 06:59:42.814 GMT-0800,169.91299999999998,169.497,0.0132,0.0132
13.11.2023 06:59:43.517 GMT-0800,169.91299999999998,168.95700000000002,0.0132,0.0132
13.11.2023 06:59:45.952 GMT-0800,169.91299999999998,168.967,0.0132,0.0009
13.11.2023 06:59:47.423 GMT-0800,169.91299999999998,168.977,0.0132,0.0009
13.11.2023 06:59:47.524 GMT-0800,169.91299999999998,168.967,0.0132,0.0132
13.11.2023 06:59:50.387 GMT-0800,169.91299999999998,168.977,0.0132,0.0009
13.11.2023 06:59:50.590 GMT-0800,169.91299999999998,168.967,0.0132,0.0132
13.11.2023 06:59:52.318 GMT-0800,169.91299999999998,169.73,0.009,0.0009
13.11.2023 06:59:52.369 GMT-0800,170.243,169.797,0.0132,0.0132
13.11.2023 06:59:52.981 GMT-0800,170.243,169.727,0.0132,0.0132
13.11.2023 06:59:54.047 GMT-0800,170.313,169.727,0.0132,0.0132
13.11.2023 06:59:54.107 GMT-0800,170.313,169.847,0.0132,0.0009
13.11.2023 06:59:55.751 GMT-0800,170.353,169.847,0.0132,0.0132
13.11.2023 06:59:56.290 GMT-0800,170.353,169.857,0.0132,0.0009
13.11.2023 06:59:57.110 GMT-0800,170.353,169.887,0.0132,0.0009
13.11.2023 06:59:58.164 GMT-0800,170.353,169.89700000000002,0.0132,0.0009
13.11.2023 07:00:00.666 GMT-0800,170.353,169.887,0.0132,0.0132
13.11.2023 07:00:01.081 GMT-0800,170.383,169.887,0.0132,0.0132
13.11.2023 07:00:05.784 GMT-0800,170.453,169.887,0.0132,0.0132
13.11.2023 07:00:10.509 GMT-0800,170.453,169.89700000000002,0.0132,0.0009
13.11.2023 07:00:10.802 GMT-0800,170.423,169.89700000000002,0.0009,0.009
13.11.2023 07:00:10.853 GMT-0800,170.423,169.887,0.0132,0.0132
13.11.2023 07:00:14.118 GMT-0800,170.283,169.887,0.0009,0.0132
13.11.2023 07:00:14.889 GMT-0800,170.423,169.887,0.0132,0.0132
13.11.2023 07:00:15.412 GMT-0800,170.283,169.887,0.0009,0.0132
13.11.2023 07:00:19.207 GMT-0800,170.353,169.887,0.0132,0.0132
13.11.2023 07:00:20.770 GMT-0800,170.363,169.887,0.0132,0.0132
13.11.2023 07:00:24.720 GMT-0800,170.283,169.887,0.0009,0.0132
13.11.2023 07:00:29.139 GMT-0800,170.393,169.887,0.0132,0.0132
13.11.2023 07:00:30.709 GMT-0800,170.373,169.887,0.0009,0.0132
13.11.2023 07:00:31.077 GMT-0800,170.373,169.89700000000002,0.0132,0.0009
13.11.2023 07:00:33.913 GMT-0800,170.373,169.887,0.0132,0.0132
13.11.2023 07:00:34.976 GMT-0800,170.373,169.89700000000002,0.0132,0.0009
13.11.2023 07:00:35.751 GMT-0800,170.483,169.89700000000002,0.0132,0.0132
13.11.2023 07:00:40.715 GMT-0800,170.453,169.89700000000002,0.0009,0.0132
13.11.2023 07:00:41.795 GMT-0800,170.153,169.89700000000002,0.0009,0.0132
13.11.2023 07:00:43.126 GMT-0800,170.153,169.887,0.0132,0.0132
13.11.2023 07:00:44.152 GMT-0800,170.153,169.89700000000002,0.0132,0.0009
13.11.2023 07:00:45.071 GMT-0800,170.153,169.887,0.0132,0.0132
13.11.2023 07:00:45.706 GMT-0800,170.153,169.89700000000002,0.0132,0.0009
13.11.2023 07:00:45.933 GMT-0800,170.153,169.887,0.0132,0.0132
13.11.2023 07:01:00.008 GMT-0800,170.153,169.89700000000002,0.0132,0.0009
13.11.2023 07:01:00.160 GMT-0800,170.153,169.887,0.0132,0.0132
13.11.2023 07:01:00.250 GMT-0800,170.153,169.89700000000002,0.0132,0.0009
13.11.2023 07:01:00.681 GMT-0800,170.153,169.887,0.0132,0.0132
13.11.2023 07:01:01.784 GMT-0800,170.153,169.89700000000002,0.0132,0.0009
13.11.2023 07:01:01.935 GMT-0800,170.153,169.887,0.0132,0.0132
13.11.2023 07:01:11.663 GMT-0800,170.153,169.89700000000002,0.0132,0.0009
13.11.2023 07:01:12.028 GMT-0800,170.153,169.887,0.0132,0.0132
13.11.2023 07:01:15.370 GMT-0800,170.153,169.89700000000002,0.0132,0.0009
13.11.2023 07:01:15.420 GMT-0800,170.153,169.887,0.0132,0.0132
13.11.2023 07:01:16.664 GMT-0800,170.153,169.89700000000002,0.0132,0.0009
13.11.2023 07:01:22.545 GMT-0800,170.153,169.907,0.0132,0.0009
13.11.2023 07:01:24.402 GMT-0800,170.153,169.887,0.0132,0.0132
13.11.2023 07:01:24.453 GMT-0800,170.153,169.917,0.0132,0.0009
13.11.2023 07:01:55.968 GMT-0800,170.253,169.887,0.0132,0.0132
13.11.2023 07:01:56.064 GMT-0800,170.253,170.007,0.0132,0.0009
13.11.2023 07:01:56.115 GMT-0800,170.253,169.887,0.0132,0.0132
13.11.2023 07:01:56.278 GMT-0800,170.253,170.02700000000002,0.0132,0.0009
13.11.2023 07:01:56.329 GMT-0800,170.403,170.037,0.0132,0.0132
13.11.2023 07:01:56.509 GMT-0800,170.543,170.037,0.0132,0.0132
13.11.2023 07:01:57.357 GMT-0800,170.543,169.937,0.0132,0.0132
13.11.2023 07:02:01.512 GMT-0800,170.573,169.937,0.0132,0.0132
13.11.2023 07:02:12.759 GMT-0800,170.483,169.937,0.0009,0.0132
13.11.2023 07:02:21.627 GMT-0800,170.483,170.097,0.0132,0.0009
13.11.2023 07:02:21.678 GMT-0800,170.483,169.937,0.0132,0.0132
13.11.2023 07:02:58.964 GMT-0800,170.483,170.317,0.009,0.0009
13.11.2023 07:02:59.015 GMT-0800,170.513,170.33700000000002,0.0132,0.0132
13.11.2023 07:03:00.071 GMT-0800,170.573,170.33700000000002,0.0132,0.0132
13.11.2023 07:03:00.965 GMT-0800,170.573,170.167,0.0132,0.0132
13.11.2023 07:03:01.619 GMT-0800,170.573,170.20700000000002,0.0132,0.0009
13.11.2023 07:03:01.918 GMT-0800,170.563,170.20700000000002,0.0009,0.0132
13.11.2023 07:03:02.968 GMT-0800,170.573,170.20700000000002,0.0132,0.0132
13.11.2023 07:03:20.286 GMT-0800,170.573,170.357,0.0132,0.0009
13.11.2023 07:03:20.459 GMT-0800,170.573,170.36700000000002,0.0132,0.0009
13.11.2023 07:03:21.318 GMT-0800,170.573,170.357,0.0132,0.0132
13.11.2023 07:03:23.815 GMT-0800,170.573,170.437,0.009,0.0009
13.11.2023 07:03:23.866 GMT-0800,170.573,170.357,0.009,0.0132
13.11.2023 07:03:23.934 GMT-0800,170.823,170.357,0.0132,0.0132
13.11.2023 07:04:15.697 GMT-0800,170.763,170.357,0.0009,0.0132
13.11.2023 07:04:25.753 GMT-0800,170.803,170.357,0.0132,0.0132
13.11.2023 07:04:30.790 GMT-0800,170.813,170.357,0.0132,0.0132
13.11.2023 07:04:35.695 GMT-0800,170.763,170.357,0.0009,0.0132
13.11.2023 07:04:40.755 GMT-0800,170.803,170.357,0.0132,0.0132
13.11.2023 07:04:45.793 GMT-0800,170.813,170.357,0.0132,0.0132
13.11.2023 07:04:50.720 GMT-0800,170.783,170.357,0.0009,0.0132
13.11.2023 07:04:55.764 GMT-0800,170.813,170.357,0.0132,0.0132
13.11.2023 07:04:58.937 GMT-0800,170.813,170.567,0.0132,0.0009
13.11.2023 07:04:59.039 GMT-0800,170.813,170.577,0.0132,0.009
13.11.2023 07:04:59.089 GMT-0800,171.183,170.657,0.0132,0.009
13.11.2023 07:04:59.140 GMT-0800,171.183,170.497,0.0132,0.0132
13.11.2023 07:04:59.234 GMT-0800,171.183,170.507,0.0132,0.0009
13.11.2023 07:04:59.622 GMT-0800,170.993,170.507,0.009,0.0132
13.11.2023 07:04:59.695 GMT-0800,171.183,170.507,0.0132,0.0132
13.11.2023 07:04:59.945 GMT-0800,171.183,170.657,0.0132,0.0009
13.11.2023 07:05:00.052 GMT-0800,171.183,170.667,0.0132,0.0009
13.11.2023 07:05:00.213 GMT-0800,171.023,170.687,0.0132,0.0009
13.11.2023 07:05:00.366 GMT-0800,171.023,170.657,0.0132,0.0132
13.11.2023 07:05:00.712 GMT-0800,171.013,170.657,0.0009,0.0132
13.11.2023 07:05:04.057 GMT-0800,171.003,170.657,0.0009,0.0132
13.11.2023 07:05:05.020 GMT-0800,171.013,170.657,0.0132,0.0132
13.11.2023 07:05:05.714 GMT-0800,170.923,170.657,0.0009,0.0132
13.11.2023 07:05:10.720 GMT-0800,170.91299999999998,170.657,0.0009,0.0132
13.11.2023 07:05:11.363 GMT-0800,170.793,170.657,0.0009,0.009
13.11.2023 07:05:11.414 GMT-0800,170.873,170.657,0.0009,0.009
13.11.2023 07:05:11.465 GMT-0800,170.873,170.357,0.0132,0.0132
13.11.2023 07:05:16.882 GMT-0800,170.863,170.357,0.0009,0.009
13.11.2023 07:05:16.933 GMT-0800,170.863,169.937,0.0132,0.0132
13.11.2023 07:05:17.930 GMT-0800,170.883,169.937,0.0132,0.0132
13.11.2023 07:05:26.095 GMT-0800,170.883,170.05700000000002,0.009,0.0009
13.11.2023 07:05:26.154 GMT-0800,170.91299999999998,170.05700000000002,0.0132,0.0132
13.11.2023 07:05:26.256 GMT-0800,171.313,170.05700000000002,0.0132,0.0132
13.11.2023 07:05:32.843 GMT-0800,171.313,170.437,0.0132,0.0009
13.11.2023 07:05:40.478 GMT-0800,171.313,170.727,0.009,0.0009
13.11.2023 07:05:40.529 GMT-0800,171.323,170.727,0.0132,0.0132
13.11.2023 07:05:41.517 GMT-0800,171.343,170.727,0.0132,0.009
13.11.2023 07:05:41.568 GMT-0800,171.343,170.607,0.0132,0.0132
13.11.2023 07:05:48.482 GMT-0800,171.123,170.607,0.0009,0.0132
13.11.2023 07:06:11.569 GMT-0800,171.113,170.607,0.0009,0.009
13.11.2023 07:06:11.674 GMT-0800,171.103,170.437,0.0132,0.0132
13.11.2023 07:06:11.725 GMT-0800,171.113,170.437,0.0132,0.0132
13.11.2023 07:06:14.634 GMT-0800,171.123,170.437,0.0132,0.0132
13.11.2023 07:06:37.207 GMT-0800,170.813,170.437,0.0009,0.0132
13.11.2023 07:06:39.184 GMT-0800,171.123,170.437,0.0132,0.0132
13.11.2023 07:06:41.884 GMT-0800,171.053,170.437,0.0009,0.0132
13.11.2023 07:06:56.119 GMT-0800,171.053,170.597,0.0132,0.0009
13.11.2023 07:06:59.046 GMT-0800,171.123,170.597,0.0132,0.0132
13.11.2023 07:06:59.432 GMT-0800,171.123,170.687,0.0132,0.0009
13.11.2023 07:07:58.115 GMT-0800,171.053,170.687,0.0009,0.0132
13.11.2023 07:08:00.800 GMT-0800,170.833,170.687,0.0009,0.009
13.11.2023 07:08:00.851 GMT-0800,171.043,170.437,0.0132,0.0132
13.11.2023 07:08:00.902 GMT-0800,170.923,170.437,0.0009,0.0132
13.11.2023 07:08:02.178 GMT-0800,171.043,170.437,0.0132,0.0132
13.11.2023 07:08:02.228 GMT-0800,170.883,170.437,0.0132,0.0132
13.11.2023 07:08:02.927 GMT-0800,170.873,170.437,0.0132,0.0132
13.11.2023 07:08:03.332 GMT-0800,170.883,170.437,0.0132,0.0132
13.11.2023 07:08:03.434 GMT-0800,170.873,170.437,0.0009,0.0132
13.11.2023 07:08:14.760 GMT-0800,170.853,170.437,0.0009,0.0132
13.11.2023 07:08:14.811 GMT-0800,170.873,170.437,0.0132,0.0132
13.11.2023 07:08:14.862 GMT-0800,170.863,170.437,0.0132,0.0132
13.11.2023 07:08:17.646 GMT-0800,170.863,170.58700000000002,0.0132,0.0009
13.11.2023 07:08:32.947 GMT-0800,170.863,170.437,0.0132,0.0132
13.11.2023 07:08:34.136 GMT-0800,170.843,170.437,0.0009,0.0132
13.11.2023 07:08:55.912 GMT-0800,170.773,170.437,0.0009,0.0132
13.11.2023 07:08:55.963 GMT-0800,170.843,170.497,0.0132,0.0009
13.11.2023 07:09:01.099 GMT-0800,171.003,170.497,0.0132,0.0132
13.11.2023 07:09:01.150 GMT-0800,170.843,170.497,0.0132,0.0132
13.11.2023 07:09:07.780 GMT-0800,170.843,170.477,0.0132,0.0132
13.11.2023 07:09:07.905 GMT-0800,170.843,170.577,0.0132,0.0009
13.11.2023 07:09:08.233 GMT-0800,170.843,170.597,0.0132,0.0009
13.11.2023 07:09:15.335 GMT-0800,170.843,170.607,0.0132,0.0009
13.11.2023 07:09:17.329 GMT-0800,170.843,170.597,0.0132,0.0132
13.11.2023 07:09:18.307 GMT-0800,170.843,170.607,0.0132,0.0009
13.11.2023 07:09:24.244 GMT-0800,170.843,170.61700000000002,0.0132,0.0009
13.11.2023 07:09:51.076 GMT-0800,170.843,170.627,0.009,0.0009
13.11.2023 07:09:51.127 GMT-0800,171.003,170.627,0.0132,0.0132
13.11.2023 07:09:51.178 GMT-0800,170.843,170.627,0.0132,0.0132
13.11.2023 07:09:53.393 GMT-0800,170.843,170.77700000000002,0.009,0.0009
13.11.2023 07:09:53.443 GMT-0800,171.123,170.727,0.009,0.0009
13.11.2023 07:09:53.494 GMT-0800,171.283,170.727,0.0132,0.0132
13.11.2023 07:09:53.940 GMT-0800,171.213,170.727,0.0009,0.0132
13.11.2023 07:09:54.508 GMT-0800,171.213,170.717,0.0132,0.0132
13.11.2023 07:09:55.805 GMT-0800,171.283,170.717,0.0132,0.0132
13.11.2023 07:09:56.072 GMT-0800,171.283,170.92700000000002,0.0132,0.0009
13.11.2023 07:09:56.511 GMT-0800,171.283,170.717,0.0132,0.0132
13.11.2023 07:09:56.757 GMT-0800,171.313,170.717,0.0132,0.0132
13.11.2023 07:09:57.448 GMT-0800,171.313,170.92700000000002,0.0132,0.0009
13.11.2023 07:10:01.583 GMT-0800,171.313,170.947,0.0132,0.0009
13.11.2023 07:10:01.710 GMT-0800,171.303,170.947,0.0009,0.0132
13.11.2023 07:10:02.594 GMT-0800,171.293,170.947,0.0009,0.009
13.11.2023 07:10:02.645 GMT-0800,171.293,170.717,0.0132,0.0132
13.11.2023 07:10:02.696 GMT-0800,171.293,170.787,0.0132,0.0132
13.11.2023 07:10:02.746 GMT-0800,171.293,170.717,0.0132,0.0132
13.11.2023 07:10:03.415 GMT-0800,171.293,170.787,0.0132,0.0009
13.11.2023 07:10:04.049 GMT-0800,171.293,170.717,0.0132,0.0132
13.11.2023 07:10:05.650 GMT-0800,171.303,170.717,0.0132,0.0132
13.11.2023 07:10:21.662 GMT-0800,171.303,170.787,0.0132,0.0009
13.11.2023 07:10:21.876 GMT-0800,171.303,170.797,0.0132,0.0132
13.11.2023 07:10:22.008 GMT-0800,171.303,170.787,0.0132,0.0132
13.11.2023 07:10:22.129 GMT-0800,171.303,170.817,0.0132,0.0009
13.11.2023 07:10:22.437 GMT-0800,171.303,170.787,0.0132,0.0132
13.11.2023 07:10:22.538 GMT-0800,171.303,170.83700000000002,0.0132,0.0009
13.11.2023 07:10:22.589 GMT-0800,171.303,170.787,0.0132,0.0132
13.11.2023 07:10:22.840 GMT-0800,171.303,170.857,0.0132,0.0009
13.11.2023 07:10:37.679 GMT-0800,171.303,170.86700000000002,0.0132,0.0009
13.11.2023 07:10:37.764 GMT-0800,171.303,170.857,0.0132,0.009
13.11.2023 07:10:37.816 GMT-0800,171.303,170.787,0.0132,0.0132
13.11.2023 07:10:37.866 GMT-0800,171.303,170.877,0.0132,0.0132
13.11.2023 07:10:38.012 GMT-0800,171.303,170.787,0.0132,0.0132
13.11.2023 07:10:38.139 GMT-0800,171.303,170.89700000000002,0.0132,0.0009
13.11.2023 07:10:38.190 GMT-0800,171.303,170.787,0.0132,0.0132
13.11.2023 07:10:38.241 GMT-0800,171.303,170.907,0.0132,0.0009
13.11.2023 07:10:40.627 GMT-0800,171.133,170.907,0.0009,0.009
13.11.2023 07:10:40.685 GMT-0800,171.293,170.907,0.0009,0.009
13.11.2023 07:10:41.124 GMT-0800,171.293,170.787,0.0132,0.0132
13.11.2023 07:10:41.843 GMT-0800,171.303,170.787,0.0132,0.0132
13.11.2023 07:10:44.638 GMT-0800,171.19299999999998,170.787,0.0009,0.0132
13.11.2023 07:10:46.314 GMT-0800,171.303,170.787,0.0132,0.0132
13.11.2023 07:10:47.581 GMT-0800,171.073,170.787,0.0009,0.0132
13.11.2023 07:10:59.292 GMT-0800,171.053,170.787,0.0009,0.0132
13.11.2023 07:11:04.771 GMT-0800,171.073,170.787,0.0132,0.0132
13.11.2023 07:11:23.918 GMT-0800,171.073,170.797,0.009,0.0009
13.11.2023 07:11:23.969 GMT-0800,171.183,170.827,0.0132,0.0132
13.11.2023 07:11:24.073 GMT-0800,171.183,170.83700000000002,0.0132,0.0009
13.11.2023 07:11:24.404 GMT-0800,171.183,170.877,0.0132,0.0009
13.11.2023 07:11:27.893 GMT-0800,171.293,170.877,0.0132,0.0132
13.11.2023 07:11:29.365 GMT-0800,171.293,170.86700000000002,0.0132,0.0132
13.11.2023 07:11:46.362 GMT-0800,171.293,170.907,0.0132,0.0009
13.11.2023 07:12:00.727 GMT-0800,171.273,170.907,0.0009,0.0132
13.11.2023 07:12:05.759 GMT-0800,171.22299999999998,170.907,0.0009,0.0132
13.11.2023 07:12:10.775 GMT-0800,171.253,170.907,0.0132,0.0132
13.11.2023 07:12:11.137 GMT-0800,171.143,170.907,0.0009,0.0132
13.11.2023 07:13:21.692 GMT-0800,171.143,171.01700000000002,0.009,0.0009
13.11.2023 07:13:21.744 GMT-0800,171.293,171.02700000000002,0.009,0.009
13.11.2023 07:13:22.606 GMT-0800,171.353,170.98700000000002,0.0132,0.0009
13.11.2023 07:13:23.295 GMT-0800,171.353,170.89700000000002,0.0132,0.0132
13.11.2023 07:13:24.792 GMT-0800,171.353,170.967,0.0132,0.0009
13.11.2023 07:13:25.719 GMT-0800,171.353,171.007,0.0132,0.0009
13.11.2023 07:13:40.725 GMT-0800,171.293,171.007,0.0009,0.0132
13.11.2023 07:13:45.863 GMT-0800,171.423,171.007,0.0132,0.0132
13.11.2023 07:13:50.780 GMT-0800,171.41299999999998,171.007,0.0009,0.0132
13.11.2023 07:13:55.786 GMT-0800,171.403,171.007,0.0009,0.0132
13.11.2023 07:14:00.817 GMT-0800,171.453,171.007,0.0132,0.0132
13.11.2023 07:14:05.796 GMT-0800,171.47299999999998,171.007,0.0132,0.0132
13.11.2023 07:14:10.838 GMT-0800,171.503,171.007,0.0132,0.0132
13.11.2023 07:14:15.813 GMT-0800,171.493,171.007,0.0009,0.0132
13.11.2023 07:14:20.775 GMT-0800,171.483,171.007,0.0009,0.0132
13.11.2023 07:14:25.793 GMT-0800,171.463,171.007,0.0009,0.0132
13.11.2023 07:14:30.857 GMT-0800,171.47299999999998,171.007,0.0132,0.0132
13.11.2023 07:14:35.848 GMT-0800,171.493,171.007,0.0132,0.0132
13.11.2023 07:14:36.304 GMT-0800,171.343,171.007,0.0009,0.0132
13.11.2023 07:14:39.376 GMT-0800,171.493,171.007,0.0132,0.0132
13.11.2023 07:14:40.795 GMT-0800,171.483,171.007,0.0009,0.0132
13.11.2023 07:14:45.802 GMT-0800,171.47299999999998,171.007,0.0009,0.0132
13.11.2023 07:14:54.639 GMT-0800,171.47299999999998,171.02700000000002,0.0132,0.0009
13.11.2023 07:14:55.769 GMT-0800,171.493,171.02700000000002,0.0132,0.0132
13.11.2023 07:15:08.151 GMT-0800,171.343,171.02700000000002,0.0009,0.0132
13.11.2023 07:15:15.854 GMT-0800,171.233,171.02700000000002,0.0009,0.0132
13.11.2023 07:15:15.905 GMT-0800,171.323,171.007,0.0132,0.0132
13.11.2023 07:15:27.717 GMT-0800,171.183,171.007,0.0009,0.009
13.11.2023 07:15:27.767 GMT-0800,171.183,170.86700000000002,0.0132,0.0132
13.11.2023 07:15:38.704 GMT-0800,171.083,170.86700000000002,0.0009,0.009
13.11.2023 07:15:38.797 GMT-0800,171.083,170.787,0.0132,0.0132
13.11.2023 07:15:39.317 GMT-0800,171.113,170.787,0.0132,0.0132
13.11.2023 07:15:39.368 GMT-0800,171.083,170.787,0.0132,0.0132
13.11.2023 07:15:40.479 GMT-0800,171.113,170.787,0.0132,0.0132
13.11.2023 07:15:53.463 GMT-0800,171.073,170.787,0.0132,0.0132
13.11.2023 07:15:59.923 GMT-0800,170.983,170.787,0.0009,0.0132
13.11.2023 07:15:59.976 GMT-0800,170.97299999999998,170.36700000000002,0.0132,0.0132
13.11.2023 07:16:01.949 GMT-0800,170.963,170.36700000000002,0.0009,0.0132
13.11.2023 07:16:02.555 GMT-0800,170.97299999999998,170.36700000000002,0.0132,0.0132
13.11.2023 07:16:14.430 GMT-0800,170.963,170.36700000000002,0.0009,0.0132
13.11.2023 07:16:26.856 GMT-0800,170.963,170.77200000000002,0.0132,0.0009
13.11.2023 07:16:34.406 GMT-0800,170.963,170.86700000000002,0.009,0.0009
13.11.2023 07:16:34.457 GMT-0800,171.033,170.827,0.0132,0.0132
13.11.2023 07:16:35.270 GMT-0800,171.033,170.937,0.009,0.0009
13.11.2023 07:16:35.322 GMT-0800,171.273,170.937,0.0132,0.0132
13.11.2023 07:16:36.217 GMT-0800,171.233,170.937,0.0132,0.0132
13.11.2023 07:16:36.913 GMT-0800,171.233,170.947,0.0132,0.0009
13.11.2023 07:16:39.262 GMT-0800,171.233,171.01700000000002,0.0132,0.0009
13.11.2023 07:16:43.210 GMT-0800,171.22299999999998,171.01700000000002,0.0009,0.0132
13.11.2023 07:16:44.019 GMT-0800,171.233,171.01700000000002,0.0132,0.0132
13.11.2023 07:16:45.765 GMT-0800,171.173,170.96,0.0009,0.009
13.11.2023 07:16:45.816 GMT-0800,171.16299999999998,170.817,0.0132,0.0132
13.11.2023 07:16:46.841 GMT-0800,171.243,170.817,0.0132,0.0132
13.11.2023 07:16:47.099 GMT-0800,171.243,170.417,0.0132,0.0132
13.11.2023 07:16:47.780 GMT-0800,171.243,170.89700000000002,0.0132,0.0009
13.11.2023 07:16:48.650 GMT-0800,171.283,170.89700000000002,0.0132,0.0132
13.11.2023 07:16:48.854 GMT-0800,171.283,170.417,0.0132,0.0132
13.11.2023 07:16:48.994 GMT-0800,171.283,170.995,0.0132,0.0009
13.11.2023 07:16:59.480 GMT-0800,171.313,170.907,0.0132,0.0132
13.11.2023 07:16:59.530 GMT-0800,171.313,171.01700000000002,0.0132,0.0009
13.11.2023 07:17:00.673 GMT-0800,171.313,170.497,0.0132,0.0132
13.11.2023 07:17:01.368 GMT-0800,171.313,171.062,0.009,0.0009
13.11.2023 07:17:01.484 GMT-0800,171.343,171.097,0.0132,0.0132
13.11.2023 07:17:01.539 GMT-0800,171.343,171.107,0.0132,0.0009
13.11.2023 07:17:05.619 GMT-0800,171.343,171.097,0.0132,0.0132
13.11.2023 07:17:05.746 GMT-0800,171.433,171.097,0.0132,0.0132
13.11.2023 07:17:10.715 GMT-0800,171.403,171.097,0.0009,0.0132
13.11.2023 07:17:15.712 GMT-0800,171.333,171.097,0.0009,0.0132
13.11.2023 07:17:17.761 GMT-0800,171.333,170.497,0.0132,0.0132
13.11.2023 07:17:17.817 GMT-0800,171.333,170.86700000000002,0.0132,0.0009
13.11.2023 07:17:20.717 GMT-0800,171.293,170.86700000000002,0.0009,0.0132
13.11.2023 07:17:21.465 GMT-0800,171.22299999999998,170.86700000000002,0.0009,0.0132
13.11.2023 07:17:32.938 GMT-0800,171.22299999999998,170.497,0.0132,0.0132
13.11.2023 07:17:34.137 GMT-0800,171.22299999999998,170.917,0.0132,0.0009
13.11.2023 07:17:50.537 GMT-0800,171.22299999999998,170.497,0.0132,0.0132
13.11.2023 07:17:50.588 GMT-0800,171.22299999999998,170.937,0.0132,0.0132
13.11.2023 07:17:52.109 GMT-0800,171.22299999999998,170.497,0.0132,0.0132
13.11.2023 07:17:52.895 GMT-0800,171.22299999999998,170.99,0.0132,0.0009
13.11.2023 07:17:58.225 GMT-0800,171.22299999999998,171.02700000000002,0.009,0.0009
13.11.2023 07:17:58.276 GMT-0800,171.403,171.02700000000002,0.0132,0.0132
13.11.2023 07:17:58.945 GMT-0800,171.403,171.167,0.0132,0.0009
13.11.2023 07:18:00.765 GMT-0800,171.44299999999998,171.167,0.0132,0.0132
13.11.2023 07:18:05.738 GMT-0800,171.433,171.167,0.0009,0.0132
13.11.2023 07:18:10.736 GMT-0800,171.393,171.167,0.0009,0.0132
13.11.2023 07:18:15.751 GMT-0800,171.41299999999998,171.167,0.0132,0.0132
13.11.2023 07:18:19.601 GMT-0800,171.283,171.167,0.0009,0.009
13.11.2023 07:18:19.652 GMT-0800,171.283,170.947,0.0132,0.0132
13.11.2023 07:18:19.777 GMT-0800,171.19299999999998,170.947,0.0009,0.0132
13.11.2023 07:18:19.828 GMT-0800,171.283,170.947,0.0132,0.0132
13.11.2023 07:18:20.631 GMT-0800,171.41299999999998,170.947,0.0132,0.0132
13.11.2023 07:18:20.691 GMT-0800,171.393,170.947,0.0009,0.0132
13.11.2023 07:18:21.287 GMT-0800,171.393,170.86700000000002,0.0132,0.0132
13.11.2023 07:18:22.002 GMT-0800,171.393,171.01700000000002,0.0132,0.0009
13.11.2023 07:18:22.790 GMT-0800,171.373,171.01700000000002,0.0009,0.0132
13.11.2023 07:18:25.679 GMT-0800,171.393,171.01700000000002,0.0132,0.0132
13.11.2023 07:18:25.730 GMT-0800,171.423,171.01700000000002,0.0132,0.0132
13.11.2023 07:18:35.814 GMT-0800,171.453,171.01700000000002,0.0132,0.0132
13.11.2023 07:18:37.944 GMT-0800,171.453,170.86700000000002,0.0132,0.0132
13.11.2023 07:18:40.368 GMT-0800,171.453,171.067,0.0132,0.0009
13.11.2023 07:18:40.824 GMT-0800,171.47299999999998,171.067,0.0132,0.0132
13.11.2023 07:18:45.805 GMT-0800,171.503,171.067,0.0132,0.0132
13.11.2023 07:18:48.130 GMT-0800,171.503,171.077,0.0132,0.0009
13.11.2023 07:18:48.302 GMT-0800,171.503,171.067,0.0132,0.0132
13.11.2023 07:18:50.817 GMT-0800,171.523,171.067,0.0132,0.0132
13.11.2023 07:18:52.392 GMT-0800,171.523,171.077,0.0132,0.0009
13.11.2023 07:18:52.493 GMT-0800,171.523,171.097,0.0132,0.0132
13.11.2023 07:18:52.625 GMT-0800,171.523,171.107,0.0132,0.0009
13.11.2023 07:18:53.211 GMT-0800,171.523,171.127,0.0132,0.0009
13.11.2023 07:18:54.400 GMT-0800,171.523,171.187,0.0132,0.0009
13.11.2023 07:18:55.051 GMT-0800,171.523,171.217,0.0132,0.0009
13.11.2023 07:18:55.195 GMT-0800,171.523,171.297,0.0132,0.0009
13.11.2023 07:18:55.813 GMT-0800,171.603,171.297,0.0132,0.0132
13.11.2023 07:18:56.745 GMT-0800,171.603,171.27700000000002,0.0132,0.0132
13.11.2023 07:18:56.863 GMT-0800,171.603,171.30700000000002,0.0132,0.0009
13.11.2023 07:18:59.023 GMT-0800,171.603,171.347,0.0132,0.0009
13.11.2023 07:19:00.833 GMT-0800,171.66299999999998,171.347,0.0132,0.0132
13.11.2023 07:19:02.472 GMT-0800,171.66299999999998,171.36700000000002,0.0132,0.0009
13.11.2023 07:19:05.832 GMT-0800,171.673,171.36700000000002,0.0132,0.0132
13.11.2023 07:19:10.776 GMT-0800,171.643,171.36700000000002,0.0009,0.0132
13.11.2023 07:19:20.768 GMT-0800,171.633,171.36700000000002,0.0009,0.0132
13.11.2023 07:19:25.829 GMT-0800,171.673,171.36700000000002,0.0132,0.0132
13.11.2023 07:19:30.806 GMT-0800,171.703,171.36700000000002,0.0132,0.0132
13.11.2023 07:19:35.787 GMT-0800,171.753,171.36700000000002,0.0132,0.0132
13.11.2023 07:19:37.397 GMT-0800,171.583,171.36700000000002,0.0009,0.009
13.11.2023 07:19:37.450 GMT-0800,171.753,171.36700000000002,0.0132,0.009
13.11.2023 07:19:37.539 GMT-0800,171.753,171.167,0.0132,0.0132
13.11.2023 07:19:40.481 GMT-0800,171.633,171.167,0.0009,0.0132
13.11.2023 07:19:52.966 GMT-0800,171.633,171.067,0.0132,0.0132
13.11.2023 07:19:53.176 GMT-0800,171.553,171.227,0.0009,0.0009
13.11.2023 07:20:07.209 GMT-0800,171.553,171.107,0.0132,0.0132
13.11.2023 07:20:07.588 GMT-0800,171.553,171.30700000000002,0.0132,0.0009
13.11.2023 07:20:11.301 GMT-0800,171.463,171.30700000000002,0.0009,0.009
13.11.2023 07:20:11.352 GMT-0800,171.463,171.097,0.0132,0.0132
13.11.2023 07:20:11.455 GMT-0800,171.463,171.127,0.0132,0.0009
13.11.2023 07:20:13.149 GMT-0800,171.463,171.097,0.0132,0.0132
13.11.2023 07:20:13.643 GMT-0800,171.463,171.187,0.0132,0.0009
13.11.2023 07:20:27.124 GMT-0800,171.44299999999998,171.187,0.0009,0.009
13.11.2023 07:20:27.186 GMT-0800,171.44299999999998,170.95700000000002,0.0132,0.0132
13.11.2023 07:21:02.267 GMT-0800,171.44299999999998,171.26700000000002,0.0132,0.0132
13.11.2023 07:21:03.652 GMT-0800,171.44299999999998,171.27700000000002,0.009,0.0009
13.11.2023 07:21:03.703 GMT-0800,171.593,171.27700000000002,0.0132,0.0132
13.11.2023 07:21:03.761 GMT-0800,171.593,171.287,0.0132,0.0009
13.11.2023 07:21:04.073 GMT-0800,171.593,171.297,0.0132,0.0009
13.11.2023 07:21:04.602 GMT-0800,171.593,171.407,0.009,0.0009
13.11.2023 07:21:04.653 GMT-0800,172.013,171.27700000000002,0.0132,0.0132
13.11.2023 07:21:04.704 GMT-0800,172.013,171.547,0.0132,0.0132
13.11.2023 07:21:05.136 GMT-0800,171.853,171.547,0.0009,0.0132
13.11.2023 07:21:10.811 GMT-0800,171.91299999999998,171.547,0.0132,0.0132
13.11.2023 07:21:19.871 GMT-0800,171.91299999999998,171.247,0.0132,0.0132
13.11.2023 07:21:22.887 GMT-0800,171.91299999999998,171.55700000000002,0.0132,0.0009
13.11.2023 07:21:48.040 GMT-0800,171.91299999999998,171.247,0.0132,0.0132
13.11.2023 07:21:48.659 GMT-0800,171.91299999999998,171.567,0.0132,0.0009
13.11.2023 07:22:02.033 GMT-0800,171.843,171.567,0.0009,0.0132
13.11.2023 07:22:09.560 GMT-0800,171.713,171.567,0.0009,0.0132
13.11.2023 07:22:09.611 GMT-0800,171.843,171.567,0.0132,0.0132
13.11.2023 07:22:25.236 GMT-0800,171.833,171.567,0.0009,0.009
13.11.2023 07:22:25.287 GMT-0800,171.833,171.377,0.0132,0.0132
13.11.2023 07:22:26.249 GMT-0800,171.843,171.377,0.0132,0.0132
13.11.2023 07:22:27.696 GMT-0800,171.813,171.377,0.0009,0.0132
13.11.2023 07:22:28.516 GMT-0800,171.823,171.377,0.0132,0.0132
13.11.2023 07:22:52.079 GMT-0800,171.823,171.387,0.0132,0.0009
13.11.2023 07:22:52.180 GMT-0800,171.823,171.39700000000002,0.0132,0.0132
13.11.2023 07:22:52.530 GMT-0800,171.823,171.417,0.0132,0.0009
13.11.2023 07:22:52.698 GMT-0800,171.843,171.417,0.0132,0.0132
13.11.2023 07:22:52.944 GMT-0800,171.843,171.537,0.0132,0.0009
13.11.2023 07:22:53.851 GMT-0800,171.843,171.547,0.0132,0.0132
13.11.2023 07:22:54.104 GMT-0800,171.843,171.537,0.0132,0.0132
13.11.2023 07:23:09.843 GMT-0800,171.843,171.39700000000002,0.0132,0.0132
13.11.2023 07:23:09.990 GMT-0800,171.843,171.567,0.0132,0.0009
13.11.2023 07:23:10.556 GMT-0800,171.843,171.577,0.0132,0.0009
13.11.2023 07:23:10.607 GMT-0800,171.843,171.567,0.0132,0.0132
13.11.2023 07:23:10.797 GMT-0800,171.843,171.577,0.0132,0.0132
13.11.2023 07:23:14.347 GMT-0800,171.843,171.567,0.0132,0.0132
13.11.2023 07:23:14.398 GMT-0800,171.843,171.577,0.0132,0.0132
13.11.2023 07:23:15.879 GMT-0800,171.843,171.567,0.0132,0.0132
13.11.2023 07:23:21.712 GMT-0800,171.633,171.567,0.0009,0.009
13.11.2023 07:23:21.762 GMT-0800,171.69299999999998,171.42700000000002,0.0132,0.0132
13.11.2023 07:23:21.985 GMT-0800,171.843,171.42700000000002,0.0132,0.0132
13.11.2023 07:23:29.181 GMT-0800,171.623,171.42700000000002,0.0009,0.009
13.11.2023 07:23:29.232 GMT-0800,171.623,171.39700000000002,0.0132,0.0132
13.11.2023 07:23:29.335 GMT-0800,171.823,171.39700000000002,0.0132,0.0132
13.11.2023 07:23:30.028 GMT-0800,171.783,171.39700000000002,0.0009,0.0132
13.11.2023 07:23:30.130 GMT-0800,171.773,171.39700000000002,0.0132,0.0132
13.11.2023 07:23:32.475 GMT-0800,171.783,171.39700000000002,0.0132,0.0132
13.11.2023 07:23:33.771 GMT-0800,171.783,171.357,0.0132,0.0132
13.11.2023 07:23:33.923 GMT-0800,171.613,171.357,0.0009,0.0132
13.11.2023 07:23:38.357 GMT-0800,171.543,171.357,0.0009,0.009
13.11.2023 07:23:38.408 GMT-0800,171.613,171.357,0.0132,0.009
13.11.2023 07:23:38.510 GMT-0800,171.613,171.27700000000002,0.0132,0.0132
13.11.2023 07:23:44.387 GMT-0800,171.603,171.27700000000002,0.0009,0.0132
13.11.2023 07:23:45.543 GMT-0800,171.613,171.27700000000002,0.0132,0.0132
13.11.2023 07:23:52.394 GMT-0800,171.47299999999998,171.247,0.0132,0.0132
13.11.2023 07:23:52.502 GMT-0800,171.41299999999998,171.247,0.009,0.0132
13.11.2023 07:23:52.552 GMT-0800,171.603,171.247,0.0132,0.0132
13.11.2023 07:23:53.123 GMT-0800,171.613,171.247,0.0132,0.0132
13.11.2023 07:23:54.779 GMT-0800,171.423,171.247,0.0009,0.0132
13.11.2023 07:23:55.718 GMT-0800,171.403,171.247,0.0009,0.0132
13.11.2023 07:23:59.152 GMT-0800,171.403,171.17700000000002,0.0132,0.0132
13.11.2023 07:24:07.549 GMT-0800,171.403,170.95700000000002,0.0132,0.0132
13.11.2023 07:24:07.905 GMT-0800,171.403,171.20700000000002,0.0132,0.0009
13.11.2023 07:24:26.970 GMT-0800,171.403,171.287,0.009,0.0009
13.11.2023 07:24:27.020 GMT-0800,171.573,171.287,0.0132,0.0132
13.11.2023 07:24:27.354 GMT-0800,171.573,170.95700000000002,0.0132,0.0132
13.11.2023 07:24:27.520 GMT-0800,171.573,171.287,0.0132,0.0009
13.11.2023 07:24:27.912 GMT-0800,171.47299999999998,171.287,0.0009,0.0132
13.11.2023 07:25:05.259 GMT-0800,171.47299999999998,170.95700000000002,0.0132,0.0132
13.11.2023 07:25:08.024 GMT-0800,171.393,171.23700000000002,0.0009,0.0009
13.11.2023 07:25:11.078 GMT-0800,171.47299999999998,171.23700000000002,0.0132,0.0132
13.11.2023 07:25:13.229 GMT-0800,171.353,171.23700000000002,0.0009,0.0132
13.11.2023 07:25:13.331 GMT-0800,171.353,171.17700000000002,0.0132,0.0132
13.11.2023 07:25:18.596 GMT-0800,171.293,171.17700000000002,0.0009,0.009
13.11.2023 07:25:18.646 GMT-0800,171.293,170.95700000000002,0.0132,0.0132
13.11.2023 07:25:18.772 GMT-0800,171.293,171.047,0.0132,0.0009
13.11.2023 07:25:24.643 GMT-0800,171.353,171.047,0.0132,0.0132
13.11.2023 07:25:25.200 GMT-0800,171.353,170.95700000000002,0.0132,0.0132
13.11.2023 07:25:25.359 GMT-0800,171.353,171.137,0.0132,0.0009
13.11.2023 07:25:34.196 GMT-0800,171.343,171.137,0.0009,0.0132
13.11.2023 07:25:35.547 GMT-0800,171.353,171.137,0.0132,0.0132
13.11.2023 07:25:37.784 GMT-0800,171.343,171.137,0.0009,0.0132
13.11.2023 07:25:40.563 GMT-0800,171.343,170.95700000000002,0.0132,0.0132
13.11.2023 07:25:41.742 GMT-0800,171.343,171.157,0.0132,0.0009
13.11.2023 07:26:24.633 GMT-0800,171.303,171.157,0.0009,0.0132
13.11.2023 07:26:24.734 GMT-0800,171.303,170.967,0.0132,0.0132
13.11.2023 07:26:26.129 GMT-0800,171.303,171.157,0.0132,0.0009
13.11.2023 07:26:35.111 GMT-0800,171.303,171.05700000000002,0.0132,0.0132
13.11.2023 07:26:35.664 GMT-0800,171.293,171.05700000000002,0.0009,0.0132
13.11.2023 07:26:36.575 GMT-0800,171.283,171.05700000000002,0.0009,0.0132
13.11.2023 07:26:51.475 GMT-0800,171.283,170.967,0.0132,0.0132
13.11.2023 07:26:52.903 GMT-0800,171.283,171.08700000000002,0.0132,0.0009
13.11.2023 07:27:05.636 GMT-0800,171.283,171.157,0.009,0.0009
13.11.2023 07:27:05.688 GMT-0800,171.283,171.08700000000002,0.009,0.0132
13.11.2023 07:27:05.776 GMT-0800,171.41299999999998,171.08700000000002,0.0132,0.0132
13.11.2023 07:27:06.651 GMT-0800,171.41299999999998,170.967,0.0132,0.0132
13.11.2023 07:27:06.813 GMT-0800,171.41299999999998,171.167,0.0132,0.0009
13.11.2023 07:27:21.228 GMT-0800,171.343,171.167,0.0009,0.0132
13.11.2023 07:27:27.592 GMT-0800,171.283,171.167,0.0009,0.009
13.11.2023 07:27:27.642 GMT-0800,171.283,171.097,0.0132,0.0132
13.11.2023 07:27:28.053 GMT-0800,171.41299999999998,171.097,0.0132,0.0132
13.11.2023 07:27:28.926 GMT-0800,171.41299999999998,171.127,0.0132,0.0009
13.11.2023 07:27:29.050 GMT-0800,171.41299999999998,171.157,0.0132,0.0009
13.11.2023 07:27:29.188 GMT-0800,171.41299999999998,171.167,0.0132,0.0009
13.11.2023 07:27:29.340 GMT-0800,171.41299999999998,171.157,0.0132,0.0132
13.11.2023 07:27:29.410 GMT-0800,171.41299999999998,171.167,0.0132,0.0009
13.11.2023 07:27:29.465 GMT-0800,171.41299999999998,171.157,0.0132,0.0132
13.11.2023 07:27:29.517 GMT-0800,171.41299999999998,171.167,0.0132,0.0009
13.11.2023 07:27:29.760 GMT-0800,171.41299999999998,171.157,0.0132,0.0132
13.11.2023 07:27:29.862 GMT-0800,171.41299999999998,171.167,0.0132,0.0132
13.11.2023 07:27:29.912 GMT-0800,171.41299999999998,171.157,0.0132,0.0132
13.11.2023 07:27:29.963 GMT-0800,171.41299999999998,171.167,0.0132,0.009
13.11.2023 07:27:30.014 GMT-0800,171.41299999999998,171.157,0.0132,0.0132
13.11.2023 07:27:30.065 GMT-0800,171.41299999999998,171.167,0.0132,0.0132
13.11.2023 07:27:30.857 GMT-0800,171.41299999999998,171.227,0.0132,0.0009
13.11.2023 07:27:30.908 GMT-0800,171.493,170.967,0.0132,0.0132
13.11.2023 07:27:31.061 GMT-0800,171.493,171.287,0.0132,0.0009
13.11.2023 07:27:52.985 GMT-0800,171.493,171.297,0.0132,0.0009
13.11.2023 07:27:53.036 GMT-0800,171.493,171.287,0.0132,0.0132
13.11.2023 07:27:53.087 GMT-0800,171.66299999999998,171.377,0.0132,0.0132
13.11.2023 07:27:53.206 GMT-0800,171.66299999999998,171.407,0.0132,0.0009
13.11.2023 07:27:56.308 GMT-0800,171.66299999999998,171.417,0.0132,0.0009
13.11.2023 07:27:58.184 GMT-0800,171.563,171.187,0.0132,0.0132
13.11.2023 07:27:58.274 GMT-0800,171.563,171.227,0.0132,0.0009
13.11.2023 07:28:13.026 GMT-0800,171.563,170.95700000000002,0.0132,0.0132
13.11.2023 07:28:13.954 GMT-0800,171.563,171.317,0.0132,0.0009
13.11.2023 07:28:16.297 GMT-0800,171.563,171.327,0.009,0.0009
13.11.2023 07:28:16.348 GMT-0800,171.753,171.33700000000002,0.0132,0.0132
13.11.2023 07:28:18.450 GMT-0800,171.753,170.95700000000002,0.0132,0.0132
13.11.2023 07:28:19.051 GMT-0800,171.753,171.417,0.0132,0.0009
13.11.2023 07:28:19.275 GMT-0800,171.753,171.42700000000002,0.0132,0.0009
13.11.2023 07:28:23.556 GMT-0800,171.753,171.417,0.0132,0.0132
13.11.2023 07:28:26.772 GMT-0800,171.743,171.417,0.0009,0.009
13.11.2023 07:28:26.823 GMT-0800,171.743,171.297,0.0132,0.0132
13.11.2023 07:28:27.950 GMT-0800,171.743,171.33700000000002,0.0132,0.0009
13.11.2023 07:28:28.243 GMT-0800,171.743,171.357,0.0132,0.0009
13.11.2023 07:28:36.395 GMT-0800,171.743,171.377,0.0132,0.0009
13.11.2023 07:28:45.470 GMT-0800,171.743,171.39700000000002,0.0132,0.0009
13.11.2023 07:28:46.275 GMT-0800,171.743,171.377,0.0132,0.0132
13.11.2023 07:28:46.352 GMT-0800,171.743,171.48700000000002,0.0132,0.0009
13.11.2023 07:28:47.220 GMT-0800,171.743,171.497,0.0132,0.0009
13.11.2023 07:28:55.129 GMT-0800,171.753,171.497,0.0132,0.0132
13.11.2023 07:28:57.542 GMT-0800,171.753,171.48700000000002,0.0132,0.0132
13.11.2023 07:28:59.580 GMT-0800,171.743,171.48700000000002,0.0009,0.0132
13.11.2023 07:28:59.815 GMT-0800,171.753,171.48700000000002,0.0132,0.0132
13.11.2023 07:29:00.709 GMT-0800,171.743,171.48700000000002,0.0009,0.0132
13.11.2023 07:29:00.958 GMT-0800,171.753,171.48700000000002,0.0132,0.0132
13.11.2023 07:29:01.340 GMT-0800,171.753,171.52700000000002,0.0132,0.0009
13.11.2023 07:29:01.556 GMT-0800,171.743,171.537,0.0132,0.0009
13.11.2023 07:29:02.550 GMT-0800,171.753,171.537,0.0132,0.0132
13.11.2023 07:29:09.088 GMT-0800,171.923,171.537,0.0132,0.0132
13.11.2023 07:29:14.214 GMT-0800,171.773,171.537,0.0009,0.0132
13.11.2023 07:29:14.265 GMT-0800,171.91299999999998,171.537,0.0132,0.0132
13.11.2023 07:29:14.348 GMT-0800,171.91299999999998,171.597,0.0132,0.0009
13.11.2023 07:30:03.013 GMT-0800,171.923,171.597,0.0132,0.0132
13.11.2023 07:30:08.050 GMT-0800,172.003,171.597,0.0132,0.0132
13.11.2023 07:30:08.101 GMT-0800,172.013,171.597,0.0132,0.0132
13.11.2023 07:30:31.100 GMT-0800,172.003,171.597,0.0009,0.0132
13.11.2023 07:30:32.748 GMT-0800,171.993,171.597,0.0009,0.0132
13.11.2023 07:30:32.849 GMT-0800,172.003,171.597,0.0132,0.0132
13.11.2023 07:30:47.137 GMT-0800,171.993,171.597,0.0009,0.0132
13.11.2023 07:30:47.295 GMT-0800,172.003,171.597,0.0132,0.0132
13.11.2023 07:30:48.695 GMT-0800,171.72299999999998,171.597,0.0009,0.009
13.11.2023 07:30:48.746 GMT-0800,171.72299999999998,171.537,0.0132,0.0132
13.11.2023 07:30:50.162 GMT-0800,172.003,171.537,0.0132,0.0132
13.11.2023 07:30:50.617 GMT-0800,171.873,171.537,0.0009,0.0132
13.11.2023 07:30:54.068 GMT-0800,171.863,171.537,0.0009,0.0132
13.11.2023 07:30:54.119 GMT-0800,171.873,171.537,0.0132,0.0132
13.11.2023 07:30:55.704 GMT-0800,171.833,171.537,0.0009,0.009
13.11.2023 07:30:55.755 GMT-0800,171.833,171.477,0.0132,0.0132
13.11.2023 07:30:56.809 GMT-0800,171.833,171.51700000000002,0.0132,0.0009
13.11.2023 07:30:56.928 GMT-0800,171.833,171.52700000000002,0.0132,0.0009
13.11.2023 07:31:01.807 GMT-0800,171.72299999999998,171.52700000000002,0.0009,0.0132
13.11.2023 07:31:04.910 GMT-0800,171.713,171.52700000000002,0.0009,0.0132
13.11.2023 07:31:11.527 GMT-0800,171.703,171.52700000000002,0.0009,0.0132
13.11.2023 07:31:14.381 GMT-0800,171.703,171.58700000000002,0.009,0.0009
13.11.2023 07:31:14.432 GMT-0800,171.833,171.597,0.0132,0.0132
13.11.2023 07:31:14.495 GMT-0800,171.833,171.61700000000002,0.0132,0.0009
13.11.2023 07:31:15.338 GMT-0800,171.833,171.637,0.0132,0.0009
13.11.2023 07:31:50.944 GMT-0800,171.833,171.64700000000002,0.0132,0.0009
13.11.2023 07:32:02.803 GMT-0800,171.833,171.757,0.009,0.0009
13.11.2023 07:32:02.854 GMT-0800,172.003,171.667,0.0132,0.0132
13.11.2023 07:32:03.858 GMT-0800,172.003,171.657,0.0132,0.0132
13.11.2023 07:32:04.122 GMT-0800,172.003,171.727,0.0132,0.0009
13.11.2023 07:32:10.082 GMT-0800,172.003,171.73700000000002,0.0132,0.0009
13.11.2023 07:32:10.183 GMT-0800,172.003,171.727,0.0132,0.0132
13.11.2023 07:32:10.801 GMT-0800,172.003,171.73700000000002,0.0132,0.0009
13.11.2023 07:32:16.895 GMT-0800,171.893,171.73700000000002,0.0009,0.009
13.11.2023 07:32:16.946 GMT-0800,171.873,171.64700000000002,0.0009,0.0132
13.11.2023 07:32:32.988 GMT-0800,171.853,171.64700000000002,0.0009,0.0132
13.11.2023 07:32:44.146 GMT-0800,171.853,171.73700000000002,0.009,0.0009
13.11.2023 07:32:44.197 GMT-0800,172.013,171.73700000000002,0.0132,0.0132
13.11.2023 07:32:44.860 GMT-0800,172.013,171.80700000000002,0.0132,0.0009
13.11.2023 07:33:13.231 GMT-0800,171.983,171.80700000000002,0.0009,0.0132
13.11.2023 07:33:25.022 GMT-0800,171.983,171.847,0.0132,0.0009
13.11.2023 07:33:33.446 GMT-0800,172.013,171.847,0.0132,0.0132
13.11.2023 07:33:36.013 GMT-0800,172.013,171.877,0.0132,0.0009
13.11.2023 07:33:36.064 GMT-0800,172.013,171.847,0.0132,0.0132
13.11.2023 07:33:40.841 GMT-0800,172.013,171.61700000000002,0.0132,0.0132
13.11.2023 07:33:41.006 GMT-0800,172.013,171.877,0.0132,0.0009
13.11.2023 07:33:44.095 GMT-0800,172.013,171.61700000000002,0.0132,0.0132
13.11.2023 07:33:44.822 GMT-0800,171.94299999999998,171.61700000000002,0.0009,0.0132
13.11.2023 07:33:45.047 GMT-0800,171.94299999999998,171.667,0.0132,0.0009
13.11.2023 07:33:45.883 GMT-0800,171.94299999999998,171.61700000000002,0.0132,0.0132
13.11.2023 07:33:49.640 GMT-0800,171.94299999999998,171.627,0.0132,0.0009
13.11.2023 07:33:49.824 GMT-0800,171.94299999999998,171.61700000000002,0.0132,0.0132
13.11.2023 07:33:49.974 GMT-0800,171.94299999999998,171.687,0.0132,0.0009
13.11.2023 07:34:10.756 GMT-0800,171.923,171.687,0.0009,0.0132
13.11.2023 07:34:15.815 GMT-0800,171.933,171.687,0.0132,0.0132
13.11.2023 07:34:20.772 GMT-0800,171.91299999999998,171.687,0.0009,0.0132
13.11.2023 07:34:25.759 GMT-0800,171.903,171.687,0.0009,0.0132
13.11.2023 07:34:30.779 GMT-0800,171.923,171.687,0.0132,0.0132
13.11.2023 07:34:40.829 GMT-0800,171.94299999999998,171.687,0.0132,0.0132
13.11.2023 07:34:40.880 GMT-0800,171.94299999999998,171.697,0.0132,0.0132
13.11.2023 07:34:41.901 GMT-0800,171.94299999999998,171.67700000000002,0.0132,0.0132
13.11.2023 07:34:42.089 GMT-0800,171.843,171.67700000000002,0.0009,0.009
13.11.2023 07:34:42.140 GMT-0800,171.91299999999998,171.61700000000002,0.0132,0.0132
13.11.2023 07:34:52.455 GMT-0800,171.903,171.61700000000002,0.0009,0.0132
13.11.2023 07:34:57.247 GMT-0800,171.883,171.61700000000002,0.0009,0.0132
13.11.2023 07:35:01.124 GMT-0800,171.873,171.61700000000002,0.0009,0.0132
13.11.2023 07:35:01.716 GMT-0800,171.883,171.61700000000002,0.0132,0.0132
13.11.2023 07:35:01.960 GMT-0800,171.873,171.61700000000002,0.0009,0.0132
13.11.2023 07:35:02.899 GMT-0800,171.883,171.61700000000002,0.0132,0.0132
13.11.2023 07:35:03.056 GMT-0800,171.873,171.61700000000002,0.0009,0.0132
13.11.2023 07:35:03.347 GMT-0800,171.883,171.61700000000002,0.0132,0.0132
13.11.2023 07:35:10.490 GMT-0800,171.883,171.637,0.0132,0.0009
13.11.2023 07:35:11.435 GMT-0800,171.863,171.637,0.0009,0.0132
13.11.2023 07:35:22.175 GMT-0800,171.853,171.637,0.0009,0.0132
13.11.2023 07:35:22.350 GMT-0800,171.863,171.637,0.0132,0.0132
13.11.2023 07:35:22.549 GMT-0800,171.853,171.637,0.0009,0.0132
13.11.2023 07:35:23.624 GMT-0800,171.863,171.637,0.0132,0.0132
13.11.2023 07:35:23.675 GMT-0800,171.853,171.637,0.0132,0.0132
13.11.2023 07:35:24.008 GMT-0800,171.863,171.637,0.0132,0.0132
13.11.2023 07:35:24.087 GMT-0800,171.853,171.637,0.0009,0.0132
13.11.2023 07:35:24.335 GMT-0800,171.863,171.637,0.0132,0.0132
13.11.2023 07:35:27.890 GMT-0800,171.863,171.687,0.0132,0.0009
13.11.2023 07:35:27.992 GMT-0800,171.853,171.687,0.0132,0.0132
13.11.2023 07:35:42.250 GMT-0800,171.843,171.687,0.0009,0.0132
13.11.2023 07:35:42.303 GMT-0800,171.853,171.687,0.0132,0.0132
13.11.2023 07:35:44.896 GMT-0800,171.843,171.687,0.0009,0.0132
13.11.2023 07:35:52.134 GMT-0800,171.843,171.637,0.0132,0.0132
13.11.2023 07:35:52.612 GMT-0800,171.843,171.687,0.0132,0.0009
13.11.2023 07:36:02.172 GMT-0800,171.833,171.687,0.0132,0.0132
13.11.2023 07:36:12.512 GMT-0800,171.993,171.64700000000002,0.0132,0.0132
13.11.2023 07:36:12.631 GMT-0800,171.993,171.727,0.0132,0.0009
13.11.2023 07:36:12.736 GMT-0800,171.993,171.73700000000002,0.0132,0.0009
13.11.2023 07:36:13.275 GMT-0800,171.993,171.80700000000002,0.0132,0.0009
13.11.2023 07:36:13.427 GMT-0800,171.993,171.817,0.0132,0.0132
13.11.2023 07:36:13.731 GMT-0800,171.993,171.80700000000002,0.0132,0.0132
13.11.2023 07:36:13.782 GMT-0800,171.993,171.827,0.0132,0.0132
13.11.2023 07:36:13.905 GMT-0800,171.993,171.80700000000002,0.0132,0.0132
13.11.2023 07:36:13.955 GMT-0800,171.993,171.83700000000002,0.0132,0.0132
13.11.2023 07:37:02.227 GMT-0800,171.94299999999998,171.83700000000002,0.0009,0.009
13.11.2023 07:37:02.396 GMT-0800,171.94299999999998,171.61700000000002,0.0132,0.0132
13.11.2023 07:37:02.499 GMT-0800,171.94299999999998,171.76700000000002,0.0132,0.0009
13.11.2023 07:37:04.783 GMT-0800,171.94299999999998,171.61700000000002,0.0132,0.0132
13.11.2023 07:37:04.834 GMT-0800,171.94299999999998,171.76700000000002,0.0132,0.0009
13.11.2023 07:37:05.277 GMT-0800,171.993,171.76700000000002,0.0132,0.0132
13.11.2023 07:37:27.574 GMT-0800,171.893,171.61700000000002,0.009,0.0132
13.11.2023 07:37:28.253 GMT-0800,171.993,171.70700000000002,0.0132,0.0009
13.11.2023 07:37:43.348 GMT-0800,171.993,171.61700000000002,0.0132,0.0132
13.11.2023 07:37:43.663 GMT-0800,171.993,171.757,0.0132,0.0009
13.11.2023 07:37:51.477 GMT-0800,172.013,171.757,0.0132,0.0132
13.11.2023 07:37:58.771 GMT-0800,172.013,171.61700000000002,0.0132,0.0132
13.11.2023 07:37:58.970 GMT-0800,172.013,171.787,0.0132,0.0009
13.11.2023 07:38:02.602 GMT-0800,172.013,171.797,0.0132,0.0009
13.11.2023 07:38:02.653 GMT-0800,172.013,171.787,0.0132,0.0132
13.11.2023 07:38:03.114 GMT-0800,172.013,171.797,0.0132,0.0009
13.11.2023 07:38:03.215 GMT-0800,172.013,171.787,0.0132,0.0132
13.11.2023 07:38:15.809 GMT-0800,172.013,171.61700000000002,0.0132,0.0132
13.11.2023 07:38:16.364 GMT-0800,172.013,171.817,0.0132,0.0009
13.11.2023 07:39:19.863 GMT-0800,172.013,171.827,0.0132,0.0009
13.11.2023 07:39:21.229 GMT-0800,172.013,171.817,0.0132,0.0132
13.11.2023 07:39:21.680 GMT-0800,171.933,171.817,0.0009,0.009
13.11.2023 07:39:21.731 GMT-0800,172.003,171.817,0.0009,0.009
13.11.2023 07:39:21.846 GMT-0800,172.003,171.787,0.0132,0.0132
13.11.2023 07:39:24.724 GMT-0800,172.013,171.787,0.0132,0.0132
13.11.2023 07:39:37.942 GMT-0800,172.013,171.61700000000002,0.0132,0.0132
13.11.2023 07:39:38.583 GMT-0800,172.013,171.76700000000002,0.0132,0.0009
13.11.2023 07:39:40.086 GMT-0800,171.923,171.76700000000002,0.0009,0.0132
13.11.2023 07:39:47.194 GMT-0800,171.883,171.76700000000002,0.0009,0.009
13.11.2023 07:39:47.244 GMT-0800,171.923,171.697,0.0132,0.0132
13.11.2023 07:39:55.006 GMT-0800,171.923,171.417,0.0132,0.0132
13.11.2023 07:39:58.734 GMT-0800,171.923,171.687,0.0132,0.0009
13.11.2023 07:40:00.154 GMT-0800,171.933,171.687,0.0132,0.0132
13.11.2023 07:40:01.970 GMT-0800,171.933,171.697,0.0132,0.0009
13.11.2023 07:40:02.765 GMT-0800,171.933,171.687,0.0132,0.0132
13.11.2023 07:40:03.468 GMT-0800,171.933,171.697,0.0132,0.0009
13.11.2023 07:40:13.873 GMT-0800,172.013,171.697,0.0132,0.0132
13.11.2023 07:40:15.022 GMT-0800,172.013,171.757,0.009,0.0009
13.11.2023 07:40:15.073 GMT-0800,172.083,171.757,0.0132,0.0132
13.11.2023 07:40:15.256 GMT-0800,172.023,171.877,0.0009,0.0009
13.11.2023 07:40:15.459 GMT-0800,172.003,171.667,0.0132,0.0132
13.11.2023 07:40:15.510 GMT-0800,172.013,171.727,0.0132,0.0132
13.11.2023 07:40:16.084 GMT-0800,171.923,171.747,0.0132,0.0132
13.11.2023 07:40:16.651 GMT-0800,171.923,171.757,0.0132,0.0132
13.11.2023 07:40:26.445 GMT-0800,171.923,171.747,0.0132,0.0132
13.11.2023 07:40:26.496 GMT-0800,171.923,171.757,0.0132,0.0132
13.11.2023 07:40:30.129 GMT-0800,171.923,171.76700000000002,0.0132,0.0009
13.11.2023 07:40:30.311 GMT-0800,171.923,171.747,0.0132,0.0132
13.11.2023 07:40:30.652 GMT-0800,171.923,171.76700000000002,0.0132,0.0009
13.11.2023 07:40:30.866 GMT-0800,171.923,171.77700000000002,0.0132,0.0132
13.11.2023 07:40:38.683 GMT-0800,171.923,171.787,0.009,0.0009
13.11.2023 07:40:38.734 GMT-0800,172.023,171.787,0.0132,0.0132
13.11.2023 07:40:40.587 GMT-0800,172.023,171.73700000000002,0.0132,0.0132
13.11.2023 07:40:42.471 GMT-0800,172.023,171.76700000000002,0.0132,0.0009
13.11.2023 07:40:42.522 GMT-0800,172.023,171.73700000000002,0.0132,0.0132
13.11.2023 07:40:42.720 GMT-0800,172.023,171.77700000000002,0.0132,0.0009
13.11.2023 07:40:45.866 GMT-0800,172.023,171.83700000000002,0.0132,0.0009
13.11.2023 07:40:48.698 GMT-0800,172.023,171.847,0.0132,0.0009
13.11.2023 07:40:49.835 GMT-0800,172.023,171.83700000000002,0.0132,0.0132
13.11.2023 07:40:50.085 GMT-0800,172.023,171.847,0.0132,0.0009
13.11.2023 07:40:50.289 GMT-0800,172.023,171.83700000000002,0.0132,0.0132
13.11.2023 07:40:50.507 GMT-0800,172.023,171.847,0.0132,0.0009
13.11.2023 07:40:50.760 GMT-0800,172.023,171.83700000000002,0.0132,0.0132
13.11.2023 07:40:54.145 GMT-0800,171.983,171.83700000000002,0.0009,0.0132
13.11.2023 07:40:54.447 GMT-0800,171.97299999999998,171.83700000000002,0.0009,0.009
13.11.2023 07:40:54.498 GMT-0800,171.97299999999998,171.73700000000002,0.0132,0.0132
13.11.2023 07:40:54.639 GMT-0800,171.97299999999998,171.77700000000002,0.0132,0.0009
13.11.2023 07:40:54.880 GMT-0800,171.97299999999998,171.73700000000002,0.0132,0.0132
13.11.2023 07:40:54.956 GMT-0800,171.97299999999998,171.787,0.0132,0.0009
13.11.2023 07:40:56.906 GMT-0800,171.97299999999998,171.73700000000002,0.0132,0.0132
13.11.2023 07:40:56.957 GMT-0800,171.97299999999998,171.797,0.0132,0.0132
13.11.2023 07:40:57.510 GMT-0800,171.983,171.797,0.0132,0.0132
13.11.2023 07:40:58.232 GMT-0800,171.983,171.80700000000002,0.0132,0.0009
13.11.2023 07:40:59.799 GMT-0800,171.983,171.73700000000002,0.0132,0.0132
13.11.2023 07:41:04.990 GMT-0800,171.983,171.83700000000002,0.0132,0.0009
13.11.2023 07:41:06.404 GMT-0800,171.933,171.83700000000002,0.0009,0.009
13.11.2023 07:41:06.455 GMT-0800,171.933,171.73700000000002,0.0132,0.0132
13.11.2023 07:41:07.212 GMT-0800,171.97299999999998,171.73700000000002,0.0132,0.0132
13.11.2023 07:41:09.658 GMT-0800,171.97299999999998,171.827,0.0132,0.0009
13.11.2023 07:41:10.891 GMT-0800,171.97299999999998,171.73700000000002,0.0132,0.0132
13.11.2023 07:41:12.890 GMT-0800,171.97299999999998,171.827,0.0132,0.0009
13.11.2023 07:41:13.669 GMT-0800,171.97299999999998,171.86700000000002,0.009,0.0009
13.11.2023 07:41:13.720 GMT-0800,171.97299999999998,171.827,0.009,0.009
13.11.2023 07:41:13.799 GMT-0800,171.97299999999998,171.86700000000002,0.009,0.0009
13.11.2023 07:41:14.075 GMT-0800,172.023,171.86700000000002,0.0132,0.0132
13.11.2023 07:41:14.322 GMT-0800,172.023,171.877,0.0132,0.0009
13.11.2023 07:41:16.138 GMT-0800,172.023,171.86700000000002,0.0132,0.0132
13.11.2023 07:41:16.683 GMT-0800,172.023,171.877,0.0132,0.0009
13.11.2023 07:42:11.281 GMT-0800,172.023,171.73700000000002,0.0132,0.0132
13.11.2023 07:42:12.947 GMT-0800,172.023,171.877,0.0132,0.0009
13.11.2023 07:42:46.511 GMT-0800,172.023,171.73700000000002,0.0132,0.0132
13.11.2023 07:42:59.722 GMT-0800,172.023,171.747,0.0132,0.0009
13.11.2023 07:42:59.772 GMT-0800,172.023,171.73700000000002,0.0132,0.0132
13.11.2023 07:43:17.291 GMT-0800,172.023,171.887,0.0132,0.0009
13.11.2023 07:43:17.342 GMT-0800,172.023,171.73700000000002,0.0132,0.0132
13.11.2023 07:43:17.393 GMT-0800,172.023,171.887,0.0132,0.0009
13.11.2023 07:43:39.826 GMT-0800,172.023,171.937,0.009,0.0009
13.11.2023 07:43:39.877 GMT-0800,172.023,171.89700000000002,0.0132,0.0009
13.11.2023 07:43:39.928 GMT-0800,172.023,171.937,0.0132,0.0132
13.11.2023 07:43:41.024 GMT-0800,172.023,171.887,0.0132,0.0132
13.11.2023 07:43:41.079 GMT-0800,172.023,171.92700000000002,0.0132,0.0009
13.11.2023 07:43:41.219 GMT-0800,172.023,171.947,0.009,0.0009
13.11.2023 07:43:41.270 GMT-0800,172.103,171.947,0.0132,0.0132
13.11.2023 07:43:41.607 GMT-0800,172.103,171.95700000000002,0.0132,0.0009
13.11.2023 07:43:41.779 GMT-0800,172.103,171.937,0.0132,0.0132
13.11.2023 07:43:41.836 GMT-0800,172.103,171.967,0.0132,0.0009
13.11.2023 07:43:42.043 GMT-0800,172.133,171.967,0.0132,0.0132
13.11.2023 07:43:42.276 GMT-0800,172.133,171.92700000000002,0.0132,0.0132
13.11.2023 07:43:43.669 GMT-0800,172.143,171.92700000000002,0.0132,0.0132
13.11.2023 07:44:01.333 GMT-0800,172.103,171.92700000000002,0.0009,0.0132
13.11.2023 07:44:08.141 GMT-0800,172.043,171.92700000000002,0.0009,0.0132
13.11.2023 07:44:48.839 GMT-0800,172.043,171.937,0.0132,0.0009
13.11.2023 07:44:48.940 GMT-0800,172.053,171.747,0.0132,0.0132
13.11.2023 07:44:48.991 GMT-0800,172.053,171.787,0.0132,0.0132
13.11.2023 07:44:49.246 GMT-0800,171.923,171.787,0.0009,0.0132
13.11.2023 07:44:49.601 GMT-0800,171.923,171.797,0.009,0.0009
13.11.2023 07:44:49.652 GMT-0800,172.003,171.797,0.0132,0.0132
13.11.2023 07:44:49.703 GMT-0800,172.003,171.817,0.0132,0.0132
13.11.2023 07:44:49.964 GMT-0800,172.053,171.817,0.0132,0.0132
13.11.2023 07:44:50.051 GMT-0800,172.053,171.847,0.0132,0.0009
13.11.2023 07:44:50.152 GMT-0800,172.053,171.857,0.0132,0.0132
13.11.2023 07:44:50.203 GMT-0800,172.053,171.847,0.0132,0.0132
13.11.2023 07:44:50.506 GMT-0800,172.053,171.877,0.0132,0.0009
13.11.2023 07:44:50.687 GMT-0800,172.033,171.877,0.0009,0.0132
13.11.2023 07:44:51.449 GMT-0800,172.033,171.887,0.0132,0.0009
13.11.2023 07:44:51.815 GMT-0800,172.033,171.937,0.009,0.0009
13.11.2023 07:44:51.866 GMT-0800,172.093,171.937,0.0132,0.0132
13.11.2023 07:44:52.068 GMT-0800,172.093,171.947,0.0132,0.0009
13.11.2023 07:44:56.352 GMT-0800,172.093,171.937,0.0132,0.0132
13.11.2023 07:45:07.241 GMT-0800,172.093,171.967,0.0132,0.0009
13.11.2023 07:45:15.650 GMT-0800,172.123,171.977,0.0132,0.0132
13.11.2023 07:45:18.404 GMT-0800,172.123,171.64700000000002,0.0132,0.0132
13.11.2023 07:45:19.846 GMT-0800,172.113,171.657,0.0009,0.0009
13.11.2023 07:45:19.896 GMT-0800,172.113,171.64700000000002,0.0132,0.0132
13.11.2023 07:45:21.054 GMT-0800,172.113,171.657,0.0132,0.0009
13.11.2023 07:45:21.155 GMT-0800,172.113,171.64700000000002,0.0132,0.0132
13.11.2023 07:45:22.901 GMT-0800,172.123,171.64700000000002,0.0132,0.0132
13.11.2023 07:45:24.138 GMT-0800,172.123,171.657,0.0132,0.0009
13.11.2023 07:45:24.240 GMT-0800,172.123,171.64700000000002,0.0132,0.0132
13.11.2023 07:45:25.910 GMT-0800,172.123,171.657,0.0132,0.0009
13.11.2023 07:45:25.961 GMT-0800,172.123,171.64700000000002,0.0132,0.0132
13.11.2023 07:45:30.384 GMT-0800,172.123,171.657,0.0132,0.0009
13.11.2023 07:45:30.435 GMT-0800,172.123,171.64700000000002,0.0132,0.0132
13.11.2023 07:45:31.662 GMT-0800,172.123,171.657,0.0132,0.0009
13.11.2023 07:45:31.837 GMT-0800,172.123,171.64700000000002,0.0132,0.0132
13.11.2023 07:45:36.537 GMT-0800,172.123,171.77700000000002,0.0132,0.0132
13.11.2023 07:45:46.343 GMT-0800,172.123,171.787,0.0132,0.0009
13.11.2023 07:45:46.543 GMT-0800,172.123,171.77700000000002,0.0132,0.0132
13.11.2023 07:45:51.504 GMT-0800,172.123,171.92700000000002,0.0132,0.0009
13.11.2023 07:45:59.599 GMT-0800,172.123,171.77700000000002,0.0132,0.0132
13.11.2023 07:46:01.160 GMT-0800,172.083,171.92700000000002,0.0009,0.0009
13.11.2023 07:46:22.696 GMT-0800,172.083,171.977,0.009,0.0009
13.11.2023 07:46:22.747 GMT-0800,172.083,171.92700000000002,0.009,0.009
13.11.2023 07:46:22.806 GMT-0800,172.123,171.77700000000002,0.0132,0.0132
13.11.2023 07:46:22.894 GMT-0800,172.123,171.917,0.0132,0.0009
13.11.2023 07:46:23.727 GMT-0800,172.123,171.937,0.0132,0.0009
13.11.2023 07:46:28.149 GMT-0800,172.123,172.037,0.009,0.0009
13.11.2023 07:46:28.250 GMT-0800,172.243,172.077,0.0132,0.0132
13.11.2023 07:46:28.479 GMT-0800,172.243,172.08700000000002,0.0132,0.0009
13.11.2023 07:46:32.365 GMT-0800,172.243,172.077,0.0132,0.0132
13.11.2023 07:46:34.700 GMT-0800,172.243,171.937,0.0132,0.0132
13.11.2023 07:46:36.663 GMT-0800,172.243,171.947,0.0132,0.0009
13.11.2023 07:46:36.815 GMT-0800,172.243,171.937,0.0132,0.0132
13.11.2023 07:46:38.008 GMT-0800,172.243,171.947,0.0132,0.0009
13.11.2023 07:46:38.109 GMT-0800,172.243,171.937,0.0132,0.0132
13.11.2023 07:46:40.547 GMT-0800,172.243,172.137,0.009,0.0009
13.11.2023 07:46:40.598 GMT-0800,172.253,171.947,0.0132,0.0132
13.11.2023 07:46:41.882 GMT-0800,172.253,171.937,0.0132,0.0132
13.11.2023 07:46:43.244 GMT-0800,172.253,171.947,0.0132,0.0009
13.11.2023 07:46:43.346 GMT-0800,172.253,171.937,0.0132,0.0132
13.11.2023 07:46:43.576 GMT-0800,172.253,172.067,0.009,0.0009
13.11.2023 07:46:43.626 GMT-0800,172.303,171.937,0.0132,0.0132
13.11.2023 07:46:43.836 GMT-0800,172.303,171.947,0.0132,0.0009
13.11.2023 07:46:43.937 GMT-0800,172.303,171.937,0.0132,0.0132
13.11.2023 07:46:47.375 GMT-0800,172.303,171.947,0.0132,0.0009
13.11.2023 07:46:47.577 GMT-0800,172.303,171.937,0.0132,0.0132
13.11.2023 07:46:51.084 GMT-0800,172.303,172.097,0.009,0.0009
13.11.2023 07:46:51.135 GMT-0800,172.333,172.097,0.0132,0.0132
13.11.2023 07:46:51.757 GMT-0800,172.333,171.947,0.0132,0.0009
13.11.2023 07:46:51.921 GMT-0800,172.333,171.937,0.0132,0.0132
13.11.2023 07:46:52.656 GMT-0800,172.333,171.947,0.0132,0.0009
13.11.2023 07:46:52.837 GMT-0800,172.333,171.937,0.0132,0.0132
13.11.2023 07:46:53.333 GMT-0800,172.333,172.05700000000002,0.0132,0.0132
13.11.2023 07:46:57.296 GMT-0800,172.333,172.107,0.0132,0.0009
13.11.2023 07:46:57.347 GMT-0800,172.333,172.047,0.0132,0.0132
13.11.2023 07:46:57.398 GMT-0800,172.333,172.14700000000002,0.0132,0.0009
13.11.2023 07:46:57.449 GMT-0800,172.333,172.047,0.0132,0.0132
13.11.2023 07:47:01.620 GMT-0800,172.333,172.187,0.0132,0.0009
13.11.2023 07:47:03.182 GMT-0800,172.333,172.047,0.0132,0.0132
13.11.2023 07:47:12.882 GMT-0800,172.333,172.197,0.0132,0.0132
13.11.2023 07:47:14.394 GMT-0800,172.333,172.20700000000002,0.0132,0.0009
13.11.2023 07:47:14.495 GMT-0800,172.523,172.20700000000002,0.0132,0.0132
13.11.2023 07:47:14.635 GMT-0800,172.523,172.047,0.0132,0.0132
13.11.2023 07:47:14.686 GMT-0800,172.523,172.217,0.0132,0.0132
13.11.2023 07:47:14.823 GMT-0800,172.523,172.047,0.0132,0.0132
13.11.2023 07:47:14.873 GMT-0800,172.523,172.227,0.0132,0.0132
13.11.2023 07:47:17.038 GMT-0800,172.523,172.26700000000002,0.0132,0.0009
13.11.2023 07:47:17.711 GMT-0800,172.523,172.047,0.0132,0.0132
13.11.2023 07:47:17.782 GMT-0800,172.523,172.27700000000002,0.0132,0.0009
13.11.2023 07:47:17.900 GMT-0800,172.523,172.287,0.0132,0.0009
13.11.2023 07:47:18.198 GMT-0800,172.523,172.297,0.0132,0.0009
13.11.2023 07:47:18.251 GMT-0800,172.523,172.047,0.0132,0.0132
13.11.2023 07:47:18.330 GMT-0800,172.523,172.30700000000002,0.0132,0.0009
13.11.2023 07:47:18.552 GMT-0800,172.523,172.317,0.0132,0.0132
13.11.2023 07:47:18.748 GMT-0800,172.523,172.327,0.0132,0.0009
13.11.2023 07:47:18.849 GMT-0800,172.523,172.14700000000002,0.0132,0.0132
13.11.2023 07:47:18.934 GMT-0800,172.523,172.33700000000002,0.0132,0.0009
13.11.2023 07:47:19.112 GMT-0800,172.523,172.347,0.0132,0.0009
13.11.2023 07:47:19.311 GMT-0800,172.523,172.14700000000002,0.0132,0.0132
13.11.2023 07:47:19.363 GMT-0800,172.523,172.357,0.0132,0.0132
13.11.2023 07:47:19.480 GMT-0800,172.523,172.36700000000002,0.0132,0.0132
13.11.2023 07:47:21.009 GMT-0800,172.523,172.14700000000002,0.0132,0.0132
13.11.2023 07:47:21.060 GMT-0800,172.523,172.36700000000002,0.0132,0.0132
13.11.2023 07:47:23.157 GMT-0800,172.513,172.36700000000002,0.0009,0.009
13.11.2023 07:47:23.208 GMT-0800,172.513,172.14700000000002,0.0132,0.0132
13.11.2023 07:47:24.194 GMT-0800,172.523,172.14700000000002,0.0132,0.0132
13.11.2023 07:47:30.040 GMT-0800,172.41299999999998,172.14700000000002,0.0009,0.0132
13.11.2023 07:47:52.396 GMT-0800,172.403,172.14700000000002,0.0009,0.0132
13.11.2023 07:47:55.451 GMT-0800,172.41299999999998,172.14700000000002,0.0132,0.0132
13.11.2023 07:47:56.509 GMT-0800,172.41299999999998,172.187,0.0132,0.0009
13.11.2023 07:47:56.703 GMT-0800,172.41299999999998,172.05700000000002,0.0132,0.0132
13.11.2023 07:47:56.753 GMT-0800,172.41299999999998,172.197,0.0132,0.0132
13.11.2023 07:47:56.804 GMT-0800,172.41299999999998,172.05700000000002,0.0132,0.0132
13.11.2023 07:47:56.933 GMT-0800,172.41299999999998,172.20700000000002,0.0132,0.0009
13.11.2023 07:47:57.154 GMT-0800,172.41299999999998,172.217,0.0132,0.0132
13.11.2023 07:47:57.341 GMT-0800,172.41299999999998,172.05700000000002,0.0132,0.0132
13.11.2023 07:47:57.398 GMT-0800,172.41299999999998,172.227,0.0132,0.0009
13.11.2023 07:47:57.500 GMT-0800,172.41299999999998,172.23700000000002,0.0132,0.0132
13.11.2023 07:47:59.278 GMT-0800,172.41299999999998,172.257,0.0132,0.0009
13.11.2023 07:47:59.379 GMT-0800,172.41299999999998,172.23700000000002,0.0132,0.0132
13.11.2023 07:48:05.125 GMT-0800,172.41299999999998,172.27700000000002,0.0132,0.0009
13.11.2023 07:48:06.268 GMT-0800,172.373,172.27700000000002,0.0009,0.009
13.11.2023 07:48:06.319 GMT-0800,172.403,172.27700000000002,0.0009,0.009
13.11.2023 07:48:06.370 GMT-0800,172.403,172.05700000000002,0.0132,0.0132
13.11.2023 07:48:07.337 GMT-0800,172.41299999999998,172.05700000000002,0.0132,0.0132
13.11.2023 07:48:08.141 GMT-0800,172.393,172.05700000000002,0.0009,0.0132
13.11.2023 07:48:15.359 GMT-0800,172.393,172.137,0.0132,0.0009
13.11.2023 07:48:19.364 GMT-0800,172.393,172.20700000000002,0.0132,0.0009
13.11.2023 07:48:19.893 GMT-0800,172.393,172.137,0.0132,0.0132
13.11.2023 07:48:20.189 GMT-0800,172.393,172.217,0.0132,0.0009
13.11.2023 07:48:23.537 GMT-0800,172.393,172.227,0.0132,0.0132
13.11.2023 07:48:27.013 GMT-0800,172.333,172.227,0.0009,0.009
13.11.2023 07:48:27.063 GMT-0800,172.383,172.227,0.0009,0.009
13.11.2023 07:48:27.114 GMT-0800,172.383,172.05700000000002,0.0132,0.0132
13.11.2023 07:48:28.094 GMT-0800,172.393,172.05700000000002,0.0132,0.0132
13.11.2023 07:48:28.206 GMT-0800,172.41299999999998,172.05700000000002,0.0132,0.0132
13.11.2023 07:48:30.104 GMT-0800,172.283,172.05700000000002,0.0009,0.0132
13.11.2023 07:48:50.739 GMT-0800,172.273,172.05700000000002,0.0009,0.0132
13.11.2023 07:49:00.742 GMT-0800,172.253,172.05700000000002,0.0009,0.0132
13.11.2023 07:49:01.513 GMT-0800,172.173,172.03,0.0009,0.009
13.11.2023 07:49:01.563 GMT-0800,172.173,171.637,0.0132,0.0132
13.11.2023 07:49:01.911 GMT-0800,172.16299999999998,171.83700000000002,0.0132,0.0132
13.11.2023 07:49:01.961 GMT-0800,172.253,171.637,0.0132,0.0132
13.11.2023 07:49:02.272 GMT-0800,172.173,171.637,0.0009,0.0132
13.11.2023 07:49:05.294 GMT-0800,172.173,171.64700000000002,0.009,0.0009
13.11.2023 07:49:05.368 GMT-0800,172.173,171.637,0.009,0.0132
13.11.2023 07:49:05.419 GMT-0800,172.253,171.637,0.0132,0.0132
13.11.2023 07:49:05.515 GMT-0800,172.173,171.637,0.0009,0.0132
13.11.2023 07:49:09.300 GMT-0800,172.173,171.64700000000002,0.0132,0.0009
13.11.2023 07:49:09.351 GMT-0800,172.243,171.64700000000002,0.0132,0.0132
13.11.2023 07:49:09.471 GMT-0800,172.243,171.637,0.0132,0.0132
13.11.2023 07:49:10.026 GMT-0800,172.243,171.64700000000002,0.0132,0.0009
13.11.2023 07:49:10.240 GMT-0800,172.243,171.637,0.0132,0.0132
13.11.2023 07:49:11.733 GMT-0800,172.243,171.64700000000002,0.009,0.0009
13.11.2023 07:49:11.784 GMT-0800,172.253,171.64700000000002,0.0132,0.0132
13.11.2023 07:49:11.835 GMT-0800,172.253,171.637,0.0132,0.0132
13.11.2023 07:49:14.187 GMT-0800,172.253,171.64700000000002,0.0132,0.0009
13.11.2023 07:49:14.238 GMT-0800,172.253,171.637,0.0132,0.0132
13.11.2023 07:49:16.384 GMT-0800,172.253,171.64700000000002,0.0132,0.0009
13.11.2023 07:49:16.536 GMT-0800,172.253,171.637,0.0132,0.0132
13.11.2023 07:49:18.206 GMT-0800,172.253,171.64700000000002,0.0132,0.0009
13.11.2023 07:49:18.309 GMT-0800,172.253,171.637,0.0132,0.0132
13.11.2023 07:49:22.654 GMT-0800,172.253,171.64700000000002,0.0132,0.0009
13.11.2023 07:49:22.835 GMT-0800,172.253,171.637,0.0132,0.0132
13.11.2023 07:49:29.063 GMT-0800,172.253,171.64700000000002,0.0132,0.0009
13.11.2023 07:49:29.114 GMT-0800,172.253,171.637,0.0132,0.0132
13.11.2023 07:49:33.646 GMT-0800,172.273,171.637,0.0132,0.0132
13.11.2023 07:49:34.020 GMT-0800,172.253,171.637,0.0009,0.0132
13.11.2023 07:49:37.177 GMT-0800,172.253,171.64700000000002,0.009,0.0009
13.11.2023 07:49:37.228 GMT-0800,172.313,171.64700000000002,0.0132,0.0132
13.11.2023 07:49:37.278 GMT-0800,172.253,171.637,0.0132,0.0132
13.11.2023 07:49:44.252 GMT-0800,172.253,171.64700000000002,0.0132,0.0009
13.11.2023 07:49:44.420 GMT-0800,172.253,171.637,0.0132,0.0132
13.11.2023 07:49:50.895 GMT-0800,172.253,171.76700000000002,0.0132,0.0009
13.11.2023 07:49:53.687 GMT-0800,172.253,171.77700000000002,0.0132,0.0009
13.11.2023 07:49:53.788 GMT-0800,172.253,172.08700000000002,0.0132,0.0132
13.11.2023 07:50:09.305 GMT-0800,172.253,171.76700000000002,0.0132,0.0132
13.11.2023 07:50:09.469 GMT-0800,172.253,172.092,0.0132,0.0009
13.11.2023 07:50:15.575 GMT-0800,172.44299999999998,172.097,0.0132,0.0132
13.11.2023 07:50:15.626 GMT-0800,172.233,172.097,0.0132,0.0132
13.11.2023 07:50:33.034 GMT-0800,172.233,172.137,0.009,0.0009
13.11.2023 07:50:33.085 GMT-0800,172.233,172.097,0.0132,0.0132
13.11.2023 07:50:33.192 GMT-0800,172.233,172.007,0.0132,0.0132
13.11.2023 07:50:33.287 GMT-0800,172.233,172.107,0.0132,0.0009
13.11.2023 07:50:33.388 GMT-0800,172.44299999999998,172.107,0.0132,0.0132
13.11.2023 07:50:39.721 GMT-0800,172.44299999999998,171.76700000000002,0.0132,0.0132
13.11.2023 07:50:40.363 GMT-0800,172.44299999999998,172.187,0.0132,0.0009
13.11.2023 07:50:41.571 GMT-0800,172.44299999999998,172.197,0.0132,0.0009
13.11.2023 07:51:04.447 GMT-0800,172.44299999999998,172.327,0.009,0.0009
13.11.2023 07:51:04.498 GMT-0800,172.523,172.26700000000002,0.0132,0.0132
13.11.2023 07:51:04.549 GMT-0800,172.523,172.197,0.0132,0.0132
13.11.2023 07:51:04.690 GMT-0800,172.523,172.347,0.0132,0.0009
13.11.2023 07:51:05.159 GMT-0800,172.613,172.347,0.0132,0.0132
13.11.2023 07:51:05.760 GMT-0800,172.843,172.347,0.0132,0.0132
13.11.2023 07:51:06.562 GMT-0800,172.843,172.197,0.0132,0.0132
13.11.2023 07:51:07.376 GMT-0800,172.793,172.197,0.0009,0.0132
13.11.2023 07:51:08.770 GMT-0800,172.793,172.20700000000002,0.0132,0.0132
13.11.2023 07:51:08.872 GMT-0800,172.793,172.197,0.0132,0.0132
13.11.2023 07:51:09.836 GMT-0800,172.793,172.20700000000002,0.0132,0.0009
13.11.2023 07:51:09.938 GMT-0800,172.793,172.197,0.0132,0.0132
13.11.2023 07:51:10.778 GMT-0800,172.793,172.20700000000002,0.0132,0.0009
13.11.2023 07:51:10.981 GMT-0800,172.793,172.197,0.0132,0.0132
13.11.2023 07:51:12.282 GMT-0800,172.613,172.20700000000002,0.0009,0.0009
13.11.2023 07:51:12.334 GMT-0800,172.613,172.197,0.0132,0.0132
13.11.2023 07:51:14.065 GMT-0800,172.613,172.20700000000002,0.0132,0.0009
13.11.2023 07:51:14.271 GMT-0800,172.613,172.197,0.0132,0.0132
13.11.2023 07:51:16.551 GMT-0800,172.613,172.20700000000002,0.0132,0.0009
13.11.2023 07:51:16.652 GMT-0800,172.613,172.197,0.0132,0.0132
13.11.2023 07:51:21.407 GMT-0800,172.613,172.20700000000002,0.0132,0.0009
13.11.2023 07:51:21.638 GMT-0800,172.613,172.197,0.0132,0.0132
13.11.2023 07:51:25.456 GMT-0800,172.613,172.20700000000002,0.0132,0.0009
13.11.2023 07:51:25.507 GMT-0800,172.613,172.197,0.0132,0.0132
13.11.2023 07:51:30.731 GMT-0800,172.613,172.20700000000002,0.0132,0.0009
13.11.2023 07:51:30.832 GMT-0800,172.613,172.197,0.0132,0.0132
13.11.2023 07:51:32.255 GMT-0800,172.613,172.20700000000002,0.009,0.0009
13.11.2023 07:51:32.306 GMT-0800,173.013,172.20700000000002,0.0132,0.0132
13.11.2023 07:51:32.357 GMT-0800,173.023,172.197,0.0132,0.0132
13.11.2023 07:51:36.616 GMT-0800,173.013,172.20700000000002,0.0009,0.0009
13.11.2023 07:51:36.770 GMT-0800,173.023,172.197,0.0132,0.0132
13.11.2023 07:51:38.324 GMT-0800,173.013,172.20700000000002,0.0009,0.0009
13.11.2023 07:51:38.425 GMT-0800,173.023,172.197,0.0132,0.0132
13.11.2023 07:51:39.667 GMT-0800,172.873,172.197,0.0009,0.0132
13.11.2023 07:51:42.412 GMT-0800,172.863,172.20700000000002,0.0009,0.0009
13.11.2023 07:51:42.654 GMT-0800,172.873,172.197,0.0132,0.0132
13.11.2023 07:51:43.403 GMT-0800,172.863,172.197,0.0009,0.0132
13.11.2023 07:51:43.483 GMT-0800,172.873,172.197,0.0132,0.0132
13.11.2023 07:51:44.883 GMT-0800,172.863,172.20700000000002,0.0009,0.0009
13.11.2023 07:51:44.985 GMT-0800,172.873,172.197,0.0132,0.0132
13.11.2023 07:51:46.944 GMT-0800,172.863,172.20700000000002,0.0009,0.0009
13.11.2023 07:51:47.136 GMT-0800,172.873,172.197,0.0132,0.0132
13.11.2023 07:51:51.510 GMT-0800,172.863,172.20700000000002,0.0009,0.0009
13.11.2023 07:51:51.612 GMT-0800,172.873,172.197,0.0132,0.0132
13.11.2023 07:51:52.440 GMT-0800,172.563,172.197,0.0009,0.0132
13.11.2023 07:51:52.904 GMT-0800,172.563,172.20700000000002,0.0132,0.0009
13.11.2023 07:51:52.955 GMT-0800,172.563,172.197,0.0132,0.0132
13.11.2023 07:51:54.337 GMT-0800,172.563,172.20700000000002,0.0132,0.0009
13.11.2023 07:51:54.438 GMT-0800,172.563,172.197,0.0132,0.0132
13.11.2023 07:51:59.000 GMT-0800,172.573,172.197,0.0132,0.0132
13.11.2023 07:51:59.551 GMT-0800,172.573,172.20700000000002,0.0132,0.0009
13.11.2023 07:51:59.720 GMT-0800,172.573,172.197,0.0132,0.0132
13.11.2023 07:51:59.770 GMT-0800,172.573,172.20700000000002,0.0132,0.0009
13.11.2023 07:51:59.821 GMT-0800,172.873,172.447,0.0132,0.0132
13.11.2023 07:52:00.568 GMT-0800,172.873,172.20700000000002,0.0132,0.0132
13.11.2023 07:52:00.618 GMT-0800,172.873,172.387,0.0132,0.0132
13.11.2023 07:52:04.653 GMT-0800,172.863,172.387,0.0009,0.0132
13.11.2023 07:52:04.819 GMT-0800,172.873,172.387,0.0132,0.0132
13.11.2023 07:52:05.390 GMT-0800,172.863,172.387,0.0009,0.0132
13.11.2023 07:52:05.441 GMT-0800,172.863,172.20700000000002,0.0132,0.0132
13.11.2023 07:52:05.492 GMT-0800,172.873,172.39700000000002,0.0132,0.0132
13.11.2023 07:52:06.976 GMT-0800,172.873,172.197,0.0132,0.0132
13.11.2023 07:52:07.054 GMT-0800,172.873,172.407,0.0132,0.0009
13.11.2023 07:52:11.643 GMT-0800,172.863,172.407,0.0009,0.0132
13.11.2023 07:52:11.694 GMT-0800,172.873,172.407,0.0132,0.0132
13.11.2023 07:52:18.004 GMT-0800,172.863,172.407,0.0009,0.0132
13.11.2023 07:52:18.178 GMT-0800,172.873,172.407,0.0132,0.0132
13.11.2023 07:52:18.663 GMT-0800,172.873,172.477,0.0132,0.0009
13.11.2023 07:52:18.879 GMT-0800,172.863,172.477,0.0009,0.0132
13.11.2023 07:52:19.066 GMT-0800,172.873,172.477,0.0132,0.0132
13.11.2023 07:52:20.993 GMT-0800,172.873,172.507,0.0132,0.0009
13.11.2023 07:52:21.362 GMT-0800,172.983,172.507,0.0132,0.0132
13.11.2023 07:52:21.504 GMT-0800,172.993,172.507,0.0132,0.0132
13.11.2023 07:52:21.898 GMT-0800,172.993,172.597,0.0132,0.0009
13.11.2023 07:52:23.790 GMT-0800,172.983,172.637,0.0009,0.0009
13.11.2023 07:52:26.564 GMT-0800,172.97299999999998,172.637,0.0009,0.0132
13.11.2023 07:52:26.727 GMT-0800,172.983,172.637,0.0132,0.0132
13.11.2023 07:52:33.319 GMT-0800,172.97299999999998,172.637,0.0009,0.0132
13.11.2023 07:52:33.491 GMT-0800,172.983,172.637,0.0132,0.0132
13.11.2023 07:52:33.939 GMT-0800,172.793,172.637,0.0009,0.009
13.11.2023 07:52:33.990 GMT-0800,172.963,172.58700000000002,0.0132,0.0132
13.11.2023 07:52:37.028 GMT-0800,172.983,172.58700000000002,0.0132,0.0132
13.11.2023 07:52:42.073 GMT-0800,172.983,172.597,0.009,0.0009
13.11.2023 07:52:42.124 GMT-0800,173.113,172.597,0.0132,0.0132
13.11.2023 07:52:45.567 GMT-0800,173.103,172.597,0.0009,0.0132
13.11.2023 07:52:50.301 GMT-0800,173.093,172.61700000000002,0.0009,0.0009
13.11.2023 07:52:50.402 GMT-0800,173.103,172.61700000000002,0.0132,0.0132
13.11.2023 07:52:53.809 GMT-0800,173.093,172.61700000000002,0.0009,0.0132
13.11.2023 07:52:53.860 GMT-0800,173.103,172.61700000000002,0.0132,0.0132
13.11.2023 07:52:54.400 GMT-0800,173.093,172.61700000000002,0.0009,0.0132
13.11.2023 07:52:57.230 GMT-0800,173.083,172.61700000000002,0.0009,0.0132
13.11.2023 07:52:57.331 GMT-0800,173.093,172.61700000000002,0.0132,0.0132
13.11.2023 07:52:58.386 GMT-0800,173.083,172.61700000000002,0.0009,0.0132
13.11.2023 07:52:58.505 GMT-0800,173.093,172.61700000000002,0.0132,0.0132
13.11.2023 07:53:01.462 GMT-0800,173.083,172.61700000000002,0.0009,0.0132
13.11.2023 07:53:01.681 GMT-0800,173.093,172.61700000000002,0.0132,0.0132
13.11.2023 07:53:07.693 GMT-0800,173.083,172.61700000000002,0.0009,0.0132
13.11.2023 07:53:07.795 GMT-0800,173.093,172.61700000000002,0.0132,0.0132
13.11.2023 07:53:08.510 GMT-0800,173.083,172.61700000000002,0.0009,0.0132
13.11.2023 07:53:08.560 GMT-0800,173.093,172.61700000000002,0.0132,0.0132
13.11.2023 07:53:15.484 GMT-0800,173.083,172.61700000000002,0.0009,0.0132
13.11.2023 07:53:15.585 GMT-0800,173.093,172.61700000000002,0.0132,0.0132
13.11.2023 07:53:18.288 GMT-0800,173.083,172.61700000000002,0.0009,0.0132
13.11.2023 07:53:18.473 GMT-0800,173.093,172.61700000000002,0.0132,0.0132
13.11.2023 07:53:19.593 GMT-0800,173.083,172.61700000000002,0.0009,0.0132
13.11.2023 07:53:19.855 GMT-0800,173.093,172.61700000000002,0.0132,0.0132
13.11.2023 07:53:20.434 GMT-0800,173.083,172.61700000000002,0.0009,0.0132
13.11.2023 07:53:20.535 GMT-0800,173.093,172.61700000000002,0.0132,0.0132
13.11.2023 07:53:24.029 GMT-0800,173.083,172.61700000000002,0.0009,0.0132
13.11.2023 07:53:24.372 GMT-0800,173.093,172.61700000000002,0.0132,0.0132
13.11.2023 07:53:25.219 GMT-0800,173.083,172.61700000000002,0.0009,0.0132
13.11.2023 07:53:25.399 GMT-0800,173.093,172.61700000000002,0.0132,0.0132
13.11.2023 07:53:27.648 GMT-0800,173.083,172.61700000000002,0.0009,0.009
13.11.2023 07:53:27.700 GMT-0800,173.083,172.327,0.0132,0.009
13.11.2023 07:53:27.752 GMT-0800,173.083,172.317,0.0132,0.0132
13.11.2023 07:53:28.958 GMT-0800,173.073,172.327,0.0009,0.0009
13.11.2023 07:53:29.059 GMT-0800,173.103,172.317,0.0132,0.0132
13.11.2023 07:53:30.188 GMT-0800,172.893,172.467,0.0009,0.0009
13.11.2023 07:53:37.282 GMT-0800,173.103,172.467,0.0132,0.0132
13.11.2023 07:53:39.465 GMT-0800,173.093,172.467,0.0009,0.0132
13.11.2023 07:53:39.636 GMT-0800,173.103,172.467,0.0132,0.0132
13.11.2023 07:53:40.573 GMT-0800,173.093,172.467,0.0009,0.0132
13.11.2023 07:53:40.675 GMT-0800,173.103,172.477,0.0132,0.0132
13.11.2023 07:53:40.847 GMT-0800,173.103,172.467,0.0132,0.0132
13.11.2023 07:53:40.898 GMT-0800,173.103,172.637,0.0132,0.0132
13.11.2023 07:53:42.927 GMT-0800,173.093,172.637,0.0009,0.0132
13.11.2023 07:53:46.226 GMT-0800,173.083,172.637,0.0009,0.0132
13.11.2023 07:53:46.379 GMT-0800,173.093,172.637,0.0132,0.0132
13.11.2023 07:53:50.514 GMT-0800,173.103,172.467,0.0132,0.0132
13.11.2023 07:53:50.679 GMT-0800,173.093,172.477,0.0009,0.0009
13.11.2023 07:53:50.874 GMT-0800,173.103,172.467,0.0132,0.0132
13.11.2023 07:53:56.738 GMT-0800,173.093,172.467,0.0009,0.0132
13.11.2023 07:53:56.839 GMT-0800,173.103,172.467,0.0132,0.0132
13.11.2023 07:54:00.381 GMT-0800,173.093,172.467,0.0009,0.0132
13.11.2023 07:54:00.516 GMT-0800,173.103,172.467,0.0132,0.0132
13.11.2023 07:54:00.628 GMT-0800,173.103,172.58700000000002,0.0132,0.0009
13.11.2023 07:54:01.160 GMT-0800,173.093,172.58700000000002,0.0009,0.0132
13.11.2023 07:54:01.390 GMT-0800,173.103,172.58700000000002,0.0132,0.0132
13.11.2023 07:54:04.798 GMT-0800,173.093,172.58700000000002,0.0009,0.0132
13.11.2023 07:54:04.986 GMT-0800,173.103,172.58700000000002,0.0132,0.0132
13.11.2023 07:54:08.079 GMT-0800,173.093,172.58700000000002,0.0009,0.0132
13.11.2023 07:54:08.850 GMT-0800,173.083,172.58700000000002,0.0009,0.0132
13.11.2023 07:54:09.043 GMT-0800,173.093,172.58700000000002,0.0132,0.0132
