Local time,Ask,Bid,AskVolume,BidVolume
13.11.2023 06:30:02.113 GMT-0800,51.454,51.346000000000004,0.024,0.024
13.11.2023 06:30:02.164 GMT-0800,51.504,51.43600000000001,0.024,0.024
13.11.2023 06:30:02.214 GMT-0800,51.504,51.416000000000004,0.024,0.024
13.11.2023 06:30:02.265 GMT-0800,51.465,51.415,0.024,0.024
13.11.2023 06:30:02.366 GMT-0800,51.443999999999996,51.426,0.024,0.024
13.11.2023 06:30:02.416 GMT-0800,51.464,51.426,0.024,0.024
13.11.2023 06:30:02.627 GMT-0800,51.464,51.406000000000006,0.024,0.024
13.11.2023 06:30:02.859 GMT-0800,51.455,51.405,0.024,0.024
13.11.2023 06:30:02.960 GMT-0800,51.443999999999996,51.386,0.024,0.024
13.11.2023 06:30:03.012 GMT-0800,51.443999999999996,51.39600000000001,0.024,0.024
13.11.2023 06:30:03.113 GMT-0800,51.403999999999996,51.376000000000005,0.024,0.024
13.11.2023 06:30:03.214 GMT-0800,51.373999999999995,51.306000000000004,0.024,0.024
13.11.2023 06:30:03.264 GMT-0800,51.343999999999994,51.306000000000004,0.024,0.024
13.11.2023 06:30:03.505 GMT-0800,51.324,51.25600000000001,0.024,0.024
13.11.2023 06:30:03.556 GMT-0800,51.305,51.255,0.024,0.024
13.11.2023 06:30:03.638 GMT-0800,51.303999999999995,51.236000000000004,0.024,0.024
13.11.2023 06:30:03.689 GMT-0800,51.333999999999996,51.29600000000001,0.024,0.024
13.11.2023 06:30:04.095 GMT-0800,51.364,51.32600000000001,0.024,0.024
13.11.2023 06:30:04.196 GMT-0800,51.403999999999996,51.346000000000004,0.024,0.024
13.11.2023 06:30:04.349 GMT-0800,51.413999999999994,51.36600000000001,0.024,0.024
13.11.2023 06:30:04.680 GMT-0800,51.443999999999996,51.39600000000001,0.024,0.024
13.11.2023 06:30:04.789 GMT-0800,51.425000000000004,51.375,0.024,0.024
13.11.2023 06:30:05.053 GMT-0800,51.413999999999994,51.376000000000005,0.024,0.024
13.11.2023 06:30:05.103 GMT-0800,51.394,51.346000000000004,0.024,0.024
13.11.2023 06:30:05.182 GMT-0800,51.384,51.336000000000006,0.024,0.024
13.11.2023 06:30:05.291 GMT-0800,51.384,51.346000000000004,0.024,0.024
13.11.2023 06:30:05.341 GMT-0800,51.384,51.336000000000006,0.024,0.024
13.11.2023 06:30:05.497 GMT-0800,51.384,51.346000000000004,0.024,0.024
13.11.2023 06:30:05.547 GMT-0800,51.384,51.336000000000006,0.024,0.024
13.11.2023 06:30:05.973 GMT-0800,51.384,51.346000000000004,0.024,0.024
13.11.2023 06:30:06.035 GMT-0800,51.403999999999996,51.356,0.024,0.024
13.11.2023 06:30:06.184 GMT-0800,51.403999999999996,51.36600000000001,0.024,0.024
13.11.2023 06:30:06.285 GMT-0800,51.384,51.346000000000004,0.024,0.024
13.11.2023 06:30:06.336 GMT-0800,51.384,51.336000000000006,0.024,0.024
13.11.2023 06:30:06.785 GMT-0800,51.373999999999995,51.336000000000006,0.024,0.024
13.11.2023 06:30:07.095 GMT-0800,51.413999999999994,51.36600000000001,0.024,0.024
13.11.2023 06:30:07.148 GMT-0800,51.405,51.355000000000004,0.024,0.024
13.11.2023 06:30:07.670 GMT-0800,51.424,51.376000000000005,0.024,0.024
13.11.2023 06:30:07.795 GMT-0800,51.424,51.386,0.024,0.024
13.11.2023 06:30:07.846 GMT-0800,51.424,51.376000000000005,0.024,0.024
13.11.2023 06:30:07.947 GMT-0800,51.434,51.386,0.024,0.024
13.11.2023 06:30:08.015 GMT-0800,51.434,51.376000000000005,0.024,0.024
13.11.2023 06:30:08.154 GMT-0800,51.434,51.386,0.024,0.024
13.11.2023 06:30:08.205 GMT-0800,51.384,51.336000000000006,0.024,0.024
13.11.2023 06:30:09.058 GMT-0800,51.384,51.316,0.024,0.024
13.11.2023 06:30:09.387 GMT-0800,51.354,51.306000000000004,0.024,0.024
13.11.2023 06:30:09.437 GMT-0800,51.384,51.306000000000004,0.024,0.024
13.11.2023 06:30:09.638 GMT-0800,51.343999999999994,51.306000000000004,0.024,0.024
13.11.2023 06:30:09.789 GMT-0800,51.303999999999995,51.266000000000005,0.024,0.024
13.11.2023 06:30:10.669 GMT-0800,51.314,51.276,0.024,0.024
13.11.2023 06:30:10.919 GMT-0800,51.294,51.25600000000001,0.024,0.024
13.11.2023 06:30:11.486 GMT-0800,51.274,51.236000000000004,0.024,0.024
13.11.2023 06:30:11.636 GMT-0800,51.254,51.21600000000001,0.024,0.024
13.11.2023 06:30:11.771 GMT-0800,51.244,51.21600000000001,0.024,0.024
13.11.2023 06:30:11.846 GMT-0800,51.274,51.236000000000004,0.024,0.024
13.11.2023 06:30:11.897 GMT-0800,51.254,51.226000000000006,0.024,0.024
13.11.2023 06:30:12.015 GMT-0800,51.284,51.246,0.024,0.024
13.11.2023 06:30:12.116 GMT-0800,51.294,51.25600000000001,0.024,0.024
13.11.2023 06:30:14.763 GMT-0800,51.284,51.246,0.024,0.024
13.11.2023 06:30:14.936 GMT-0800,51.284,51.236000000000004,0.024,0.024
13.11.2023 06:30:15.158 GMT-0800,51.284,51.246,0.024,0.024
13.11.2023 06:30:15.538 GMT-0800,51.284,51.266000000000005,0.024,0.024
13.11.2023 06:30:15.589 GMT-0800,51.284,51.25600000000001,0.024,0.024
13.11.2023 06:30:17.127 GMT-0800,51.284,51.246,0.024,0.024
13.11.2023 06:30:19.249 GMT-0800,51.274,51.236000000000004,0.024,0.024
13.11.2023 06:30:19.400 GMT-0800,51.254,51.236000000000004,0.024,0.024
13.11.2023 06:30:19.451 GMT-0800,51.254,51.226000000000006,0.024,0.024
13.11.2023 06:30:19.572 GMT-0800,51.254,51.21600000000001,0.024,0.024
13.11.2023 06:30:20.944 GMT-0800,51.244,51.206,0.024,0.024
13.11.2023 06:30:21.045 GMT-0800,51.254,51.21600000000001,0.024,0.024
13.11.2023 06:30:21.380 GMT-0800,51.254,51.236000000000004,0.024,0.024
13.11.2023 06:30:21.430 GMT-0800,51.263999999999996,51.226000000000006,0.024,0.024
13.11.2023 06:30:22.499 GMT-0800,51.244,51.21600000000001,0.024,0.024
13.11.2023 06:30:22.550 GMT-0800,51.263999999999996,51.226000000000006,0.024,0.024
13.11.2023 06:30:22.651 GMT-0800,51.274,51.236000000000004,0.024,0.024
13.11.2023 06:30:23.589 GMT-0800,51.263999999999996,51.226000000000006,0.024,0.024
13.11.2023 06:30:23.640 GMT-0800,51.263999999999996,51.21600000000001,0.024,0.024
13.11.2023 06:30:23.690 GMT-0800,51.244,51.206,0.024,0.024
13.11.2023 06:30:24.479 GMT-0800,51.224,51.206,0.024,0.024
13.11.2023 06:30:24.529 GMT-0800,51.244,51.196000000000005,0.024,0.024
13.11.2023 06:30:24.615 GMT-0800,51.224,51.196000000000005,0.024,0.024
13.11.2023 06:30:24.811 GMT-0800,51.233999999999995,51.196000000000005,0.024,0.024
13.11.2023 06:30:24.979 GMT-0800,51.245000000000005,51.205,0.024,0.024
13.11.2023 06:30:25.126 GMT-0800,51.224,51.196000000000005,0.024,0.024
13.11.2023 06:30:25.368 GMT-0800,51.233999999999995,51.196000000000005,0.024,0.024
13.11.2023 06:30:25.748 GMT-0800,51.233999999999995,51.206,0.024,0.024
13.11.2023 06:30:25.914 GMT-0800,51.233999999999995,51.196000000000005,0.024,0.024
13.11.2023 06:30:26.554 GMT-0800,51.233999999999995,51.206,0.024,0.024
13.11.2023 06:30:26.853 GMT-0800,51.224,51.206,0.024,0.024
13.11.2023 06:30:26.904 GMT-0800,51.244,51.18600000000001,0.024,0.024
13.11.2023 06:30:26.954 GMT-0800,51.244,51.196000000000005,0.024,0.024
13.11.2023 06:30:27.069 GMT-0800,51.233999999999995,51.196000000000005,0.024,0.024
13.11.2023 06:30:28.524 GMT-0800,51.233999999999995,51.206,0.024,0.024
13.11.2023 06:30:28.575 GMT-0800,51.255,51.215,0.024,0.024
13.11.2023 06:30:28.783 GMT-0800,51.244,51.206,0.024,0.024
13.11.2023 06:30:29.240 GMT-0800,51.245000000000005,51.195,0.024,0.024
13.11.2023 06:30:30.578 GMT-0800,51.225,51.195,0.024,0.024
13.11.2023 06:30:30.785 GMT-0800,51.244,51.206,0.024,0.024
13.11.2023 06:30:30.836 GMT-0800,51.233999999999995,51.206,0.024,0.024
13.11.2023 06:30:31.128 GMT-0800,51.233999999999995,51.196000000000005,0.024,0.024
13.11.2023 06:30:33.578 GMT-0800,51.225,51.195,0.024,0.024
13.11.2023 06:30:34.271 GMT-0800,51.204,51.176,0.024,0.024
13.11.2023 06:30:34.372 GMT-0800,51.224,51.196000000000005,0.024,0.024
13.11.2023 06:30:36.858 GMT-0800,51.244,51.206,0.024,0.024
13.11.2023 06:30:37.084 GMT-0800,51.233999999999995,51.196000000000005,0.024,0.024
13.11.2023 06:30:37.135 GMT-0800,51.233999999999995,51.18600000000001,0.024,0.024
13.11.2023 06:30:37.779 GMT-0800,51.233999999999995,51.206,0.024,0.024
13.11.2023 06:30:37.901 GMT-0800,51.233999999999995,51.196000000000005,0.024,0.024
13.11.2023 06:30:38.201 GMT-0800,51.233999999999995,51.18600000000001,0.024,0.024
13.11.2023 06:30:38.411 GMT-0800,51.233999999999995,51.196000000000005,0.024,0.024
13.11.2023 06:30:38.997 GMT-0800,51.235,51.185,0.024,0.024
13.11.2023 06:30:39.102 GMT-0800,51.233999999999995,51.196000000000005,0.024,0.024
13.11.2023 06:30:39.282 GMT-0800,51.235,51.185,0.024,0.024
13.11.2023 06:30:39.729 GMT-0800,51.224,51.18600000000001,0.024,0.024
13.11.2023 06:30:39.985 GMT-0800,51.233999999999995,51.18600000000001,0.024,0.024
13.11.2023 06:30:40.536 GMT-0800,51.233999999999995,51.196000000000005,0.024,0.024
13.11.2023 06:30:41.021 GMT-0800,51.233999999999995,51.18600000000001,0.024,0.024
13.11.2023 06:30:41.122 GMT-0800,51.233999999999995,51.196000000000005,0.024,0.024
13.11.2023 06:30:41.501 GMT-0800,51.233999999999995,51.206,0.024,0.024
13.11.2023 06:30:41.933 GMT-0800,51.244,51.206,0.024,0.024
13.11.2023 06:30:42.140 GMT-0800,51.263999999999996,51.21600000000001,0.024,0.024
13.11.2023 06:30:42.651 GMT-0800,51.263999999999996,51.226000000000006,0.024,0.024
13.11.2023 06:30:42.872 GMT-0800,51.244,51.206,0.024,0.024
13.11.2023 06:30:43.360 GMT-0800,51.233999999999995,51.18600000000001,0.024,0.024
13.11.2023 06:30:43.575 GMT-0800,51.204,51.176,0.024,0.024
13.11.2023 06:30:43.625 GMT-0800,51.214,51.176,0.024,0.024
13.11.2023 06:30:43.936 GMT-0800,51.215,51.185,0.024,0.024
13.11.2023 06:30:43.987 GMT-0800,51.214,51.176,0.024,0.024
13.11.2023 06:30:44.700 GMT-0800,51.214,51.18600000000001,0.024,0.024
13.11.2023 06:30:44.751 GMT-0800,51.233999999999995,51.18600000000001,0.024,0.024
13.11.2023 06:30:44.891 GMT-0800,51.224,51.18600000000001,0.024,0.024
13.11.2023 06:30:45.247 GMT-0800,51.233999999999995,51.18600000000001,0.024,0.024
13.11.2023 06:30:46.298 GMT-0800,51.233999999999995,51.196000000000005,0.024,0.024
13.11.2023 06:30:46.349 GMT-0800,51.233999999999995,51.18600000000001,0.024,0.024
13.11.2023 06:30:46.526 GMT-0800,51.224,51.18600000000001,0.024,0.024
13.11.2023 06:30:47.683 GMT-0800,51.254,51.21600000000001,0.024,0.024
13.11.2023 06:30:47.921 GMT-0800,51.233999999999995,51.206,0.024,0.024
13.11.2023 06:30:47.972 GMT-0800,51.244,51.206,0.024,0.024
13.11.2023 06:30:48.176 GMT-0800,51.235,51.205,0.024,0.024
13.11.2023 06:30:48.226 GMT-0800,51.244,51.206,0.024,0.024
13.11.2023 06:30:49.074 GMT-0800,51.245000000000005,51.195,0.024,0.024
13.11.2023 06:30:49.220 GMT-0800,51.233999999999995,51.18600000000001,0.024,0.024
13.11.2023 06:30:52.003 GMT-0800,51.233999999999995,51.196000000000005,0.024,0.024
13.11.2023 06:30:53.414 GMT-0800,51.244,51.196000000000005,0.024,0.024
13.11.2023 06:30:53.465 GMT-0800,51.244,51.206,0.024,0.024
13.11.2023 06:30:56.045 GMT-0800,51.233999999999995,51.196000000000005,0.024,0.024
13.11.2023 06:30:56.874 GMT-0800,51.233999999999995,51.18600000000001,0.024,0.024
13.11.2023 06:30:57.009 GMT-0800,51.233999999999995,51.196000000000005,0.024,0.024
13.11.2023 06:30:57.060 GMT-0800,51.233999999999995,51.18600000000001,0.024,0.024
13.11.2023 06:30:58.148 GMT-0800,51.233999999999995,51.196000000000005,0.024,0.024
13.11.2023 06:30:58.340 GMT-0800,51.244,51.206,0.024,0.024
13.11.2023 06:30:58.490 GMT-0800,51.244,51.196000000000005,0.024,0.024
13.11.2023 06:30:58.713 GMT-0800,51.233999999999995,51.196000000000005,0.024,0.024
13.11.2023 06:30:58.897 GMT-0800,51.244,51.196000000000005,0.024,0.024
13.11.2023 06:30:58.959 GMT-0800,51.233999999999995,51.196000000000005,0.024,0.024
13.11.2023 06:30:59.060 GMT-0800,51.244,51.21600000000001,0.024,0.024
13.11.2023 06:30:59.177 GMT-0800,51.254,51.21600000000001,0.024,0.024
13.11.2023 06:30:59.358 GMT-0800,51.254,51.206,0.024,0.024
13.11.2023 06:30:59.636 GMT-0800,51.245000000000005,51.195,0.024,0.024
13.11.2023 06:31:00.696 GMT-0800,51.224,51.18600000000001,0.024,0.024
13.11.2023 06:31:01.534 GMT-0800,51.235,51.195,0.024,0.024
13.11.2023 06:31:02.202 GMT-0800,51.224,51.18600000000001,0.024,0.024
13.11.2023 06:31:02.588 GMT-0800,51.224,51.196000000000005,0.024,0.024
13.11.2023 06:31:02.990 GMT-0800,51.224,51.18600000000001,0.024,0.024
13.11.2023 06:31:03.299 GMT-0800,51.204,51.176,0.024,0.024
13.11.2023 06:31:03.549 GMT-0800,51.205,51.165,0.024,0.024
13.11.2023 06:31:04.232 GMT-0800,51.204,51.176,0.024,0.024
13.11.2023 06:31:06.678 GMT-0800,51.204,51.166000000000004,0.024,0.024
13.11.2023 06:31:07.089 GMT-0800,51.184,51.14600000000001,0.024,0.024
13.11.2023 06:31:07.304 GMT-0800,51.174,51.14600000000001,0.024,0.024
13.11.2023 06:31:07.394 GMT-0800,51.184,51.14600000000001,0.024,0.024
13.11.2023 06:31:07.720 GMT-0800,51.145,51.095,0.024,0.024
13.11.2023 06:31:07.771 GMT-0800,51.153999999999996,51.126000000000005,0.024,0.024
13.11.2023 06:31:07.846 GMT-0800,51.153999999999996,51.11600000000001,0.024,0.024
13.11.2023 06:31:08.019 GMT-0800,51.155,51.125,0.024,0.024
13.11.2023 06:31:08.070 GMT-0800,51.225,51.175000000000004,0.024,0.024
13.11.2023 06:31:09.058 GMT-0800,51.204,51.166000000000004,0.024,0.024
13.11.2023 06:31:09.109 GMT-0800,51.224,51.176,0.024,0.024
13.11.2023 06:31:09.583 GMT-0800,51.204,51.176,0.024,0.024
13.11.2023 06:31:09.941 GMT-0800,51.184,51.14600000000001,0.024,0.024
13.11.2023 06:31:10.042 GMT-0800,51.174,51.136,0.024,0.024
13.11.2023 06:31:10.092 GMT-0800,51.174,51.126000000000005,0.024,0.024
13.11.2023 06:31:10.143 GMT-0800,51.174,51.136,0.024,0.024
13.11.2023 06:31:10.426 GMT-0800,51.184,51.14600000000001,0.024,0.024
13.11.2023 06:31:11.712 GMT-0800,51.193999999999996,51.166000000000004,0.024,0.024
13.11.2023 06:31:12.059 GMT-0800,51.184,51.14600000000001,0.024,0.024
13.11.2023 06:31:12.329 GMT-0800,51.174,51.14600000000001,0.024,0.024
13.11.2023 06:31:12.379 GMT-0800,51.174,51.126000000000005,0.024,0.024
13.11.2023 06:31:12.430 GMT-0800,51.165,51.125,0.024,0.024
13.11.2023 06:31:13.396 GMT-0800,51.153999999999996,51.11600000000001,0.024,0.024
13.11.2023 06:31:13.544 GMT-0800,51.153999999999996,51.126000000000005,0.024,0.024
13.11.2023 06:31:14.036 GMT-0800,51.144,51.126000000000005,0.024,0.024
13.11.2023 06:31:14.153 GMT-0800,51.163999999999994,51.126000000000005,0.024,0.024
13.11.2023 06:31:14.203 GMT-0800,51.153999999999996,51.126000000000005,0.024,0.024
13.11.2023 06:31:15.493 GMT-0800,51.174,51.126000000000005,0.024,0.024
13.11.2023 06:31:16.267 GMT-0800,51.153999999999996,51.126000000000005,0.024,0.024
13.11.2023 06:31:16.369 GMT-0800,51.174,51.126000000000005,0.024,0.024
13.11.2023 06:31:16.847 GMT-0800,51.153999999999996,51.126000000000005,0.024,0.024
13.11.2023 06:31:16.968 GMT-0800,51.174,51.136,0.024,0.024
13.11.2023 06:31:17.019 GMT-0800,51.144,51.096000000000004,0.024,0.024
13.11.2023 06:31:17.070 GMT-0800,51.144,51.11600000000001,0.024,0.024
13.11.2023 06:31:17.505 GMT-0800,51.144,51.096000000000004,0.024,0.024
13.11.2023 06:31:18.402 GMT-0800,51.125,51.075,0.024,0.024
13.11.2023 06:31:19.024 GMT-0800,51.134,51.07600000000001,0.024,0.024
13.11.2023 06:31:19.075 GMT-0800,51.134,51.096000000000004,0.024,0.024
13.11.2023 06:31:19.500 GMT-0800,51.134,51.07600000000001,0.024,0.024
13.11.2023 06:31:20.321 GMT-0800,51.134,51.106,0.024,0.024
13.11.2023 06:31:20.372 GMT-0800,51.144,51.106,0.024,0.024
13.11.2023 06:31:20.463 GMT-0800,51.144,51.11600000000001,0.024,0.024
13.11.2023 06:31:20.568 GMT-0800,51.135,51.075,0.024,0.024
13.11.2023 06:31:23.586 GMT-0800,51.114,51.086000000000006,0.024,0.024
13.11.2023 06:31:23.901 GMT-0800,51.114,51.07600000000001,0.024,0.024
13.11.2023 06:31:23.953 GMT-0800,51.123999999999995,51.086000000000006,0.024,0.024
13.11.2023 06:31:26.444 GMT-0800,51.114,51.086000000000006,0.024,0.024
13.11.2023 06:31:26.545 GMT-0800,51.123999999999995,51.086000000000006,0.024,0.024
13.11.2023 06:31:26.596 GMT-0800,51.114,51.086000000000006,0.024,0.024
13.11.2023 06:31:26.727 GMT-0800,51.125,51.085,0.024,0.024
13.11.2023 06:31:26.778 GMT-0800,51.134,51.086000000000006,0.024,0.024
13.11.2023 06:31:26.828 GMT-0800,51.134,51.106,0.024,0.024
13.11.2023 06:31:26.879 GMT-0800,51.134,51.086000000000006,0.024,0.024
13.11.2023 06:31:26.929 GMT-0800,51.134,51.096000000000004,0.024,0.024
13.11.2023 06:31:26.996 GMT-0800,51.134,51.086000000000006,0.024,0.024
13.11.2023 06:31:27.109 GMT-0800,51.135,51.095,0.024,0.024
13.11.2023 06:31:27.476 GMT-0800,51.134,51.106,0.024,0.024
13.11.2023 06:31:28.663 GMT-0800,51.123999999999995,51.086000000000006,0.024,0.024
13.11.2023 06:31:28.738 GMT-0800,51.134,51.086000000000006,0.024,0.024
13.11.2023 06:31:29.176 GMT-0800,51.114,51.07600000000001,0.024,0.024
13.11.2023 06:31:31.537 GMT-0800,51.134,51.096000000000004,0.024,0.024
13.11.2023 06:31:32.073 GMT-0800,51.123999999999995,51.096000000000004,0.024,0.024
13.11.2023 06:31:32.817 GMT-0800,51.123999999999995,51.07600000000001,0.024,0.024
13.11.2023 06:31:33.330 GMT-0800,51.134,51.096000000000004,0.024,0.024
13.11.2023 06:31:33.799 GMT-0800,51.123999999999995,51.096000000000004,0.024,0.024
13.11.2023 06:31:35.090 GMT-0800,51.123999999999995,51.07600000000001,0.024,0.024
13.11.2023 06:31:35.387 GMT-0800,51.123999999999995,51.086000000000006,0.024,0.024
13.11.2023 06:31:35.625 GMT-0800,51.155,51.125,0.024,0.024
13.11.2023 06:31:35.697 GMT-0800,51.153999999999996,51.11600000000001,0.024,0.024
13.11.2023 06:31:36.481 GMT-0800,51.153999999999996,51.126000000000005,0.024,0.024
13.11.2023 06:31:36.854 GMT-0800,51.184,51.14600000000001,0.024,0.024
13.11.2023 06:31:36.904 GMT-0800,51.204,51.176,0.024,0.024
13.11.2023 06:31:37.896 GMT-0800,51.195,51.165,0.024,0.024
13.11.2023 06:31:38.825 GMT-0800,51.204,51.166000000000004,0.024,0.024
13.11.2023 06:31:40.620 GMT-0800,51.204,51.176,0.024,0.024
13.11.2023 06:31:40.965 GMT-0800,51.245000000000005,51.215,0.024,0.024
13.11.2023 06:31:41.015 GMT-0800,51.274,51.25600000000001,0.024,0.024
13.11.2023 06:31:41.066 GMT-0800,51.294,51.25600000000001,0.024,0.024
13.11.2023 06:31:41.291 GMT-0800,51.284,51.246,0.024,0.024
13.11.2023 06:31:41.345 GMT-0800,51.294,51.246,0.024,0.024
13.11.2023 06:31:41.762 GMT-0800,51.284,51.246,0.024,0.024
13.11.2023 06:31:42.053 GMT-0800,51.274,51.236000000000004,0.024,0.024
13.11.2023 06:31:42.356 GMT-0800,51.274,51.226000000000006,0.024,0.024
13.11.2023 06:31:43.146 GMT-0800,51.284,51.236000000000004,0.024,0.024
13.11.2023 06:31:43.196 GMT-0800,51.284,51.226000000000006,0.024,0.024
13.11.2023 06:31:43.251 GMT-0800,51.274,51.226000000000006,0.024,0.024
13.11.2023 06:31:44.772 GMT-0800,51.284,51.236000000000004,0.024,0.024
13.11.2023 06:31:44.823 GMT-0800,51.284,51.226000000000006,0.024,0.024
13.11.2023 06:31:44.884 GMT-0800,51.284,51.236000000000004,0.024,0.024
13.11.2023 06:31:44.934 GMT-0800,51.284,51.226000000000006,0.024,0.024
13.11.2023 06:31:45.024 GMT-0800,51.274,51.226000000000006,0.024,0.024
13.11.2023 06:31:45.145 GMT-0800,51.284,51.226000000000006,0.024,0.024
13.11.2023 06:31:45.195 GMT-0800,51.274,51.226000000000006,0.024,0.024
13.11.2023 06:31:45.700 GMT-0800,51.284,51.236000000000004,0.024,0.024
13.11.2023 06:31:46.071 GMT-0800,51.314,51.266000000000005,0.024,0.024
13.11.2023 06:31:46.330 GMT-0800,51.303999999999995,51.25600000000001,0.024,0.024
13.11.2023 06:31:46.754 GMT-0800,51.294,51.25600000000001,0.024,0.024
13.11.2023 06:31:46.897 GMT-0800,51.303999999999995,51.25600000000001,0.024,0.024
13.11.2023 06:31:47.304 GMT-0800,51.303999999999995,51.266000000000005,0.024,0.024
13.11.2023 06:31:47.570 GMT-0800,51.305,51.255,0.024,0.024
13.11.2023 06:31:47.714 GMT-0800,51.303999999999995,51.266000000000005,0.024,0.024
13.11.2023 06:31:48.341 GMT-0800,51.294,51.25600000000001,0.024,0.024
13.11.2023 06:31:48.671 GMT-0800,51.284,51.25600000000001,0.024,0.024
13.11.2023 06:31:48.775 GMT-0800,51.295,51.255,0.024,0.024
13.11.2023 06:31:48.826 GMT-0800,51.303999999999995,51.25600000000001,0.024,0.024
13.11.2023 06:31:48.878 GMT-0800,51.284,51.25600000000001,0.024,0.024
13.11.2023 06:31:48.929 GMT-0800,51.294,51.25600000000001,0.024,0.024
13.11.2023 06:31:49.754 GMT-0800,51.305,51.275,0.024,0.024
13.11.2023 06:31:49.805 GMT-0800,51.303999999999995,51.266000000000005,0.024,0.024
13.11.2023 06:31:49.936 GMT-0800,51.294,51.266000000000005,0.024,0.024
13.11.2023 06:31:49.991 GMT-0800,51.303999999999995,51.266000000000005,0.024,0.024
13.11.2023 06:31:50.307 GMT-0800,51.294,51.266000000000005,0.024,0.024
13.11.2023 06:31:50.358 GMT-0800,51.294,51.25600000000001,0.024,0.024
13.11.2023 06:31:50.678 GMT-0800,51.303999999999995,51.266000000000005,0.024,0.024
13.11.2023 06:31:50.891 GMT-0800,51.294,51.25600000000001,0.024,0.024
13.11.2023 06:31:51.052 GMT-0800,51.263999999999996,51.246,0.024,0.024
13.11.2023 06:31:51.103 GMT-0800,51.274,51.246,0.024,0.024
13.11.2023 06:31:51.154 GMT-0800,51.274,51.226000000000006,0.024,0.024
13.11.2023 06:31:52.868 GMT-0800,51.263999999999996,51.226000000000006,0.024,0.024
13.11.2023 06:31:53.087 GMT-0800,51.254,51.226000000000006,0.024,0.024
13.11.2023 06:31:53.304 GMT-0800,51.254,51.21600000000001,0.024,0.024
13.11.2023 06:31:54.327 GMT-0800,51.244,51.206,0.024,0.024
13.11.2023 06:31:57.686 GMT-0800,51.254,51.21600000000001,0.024,0.024
13.11.2023 06:31:57.736 GMT-0800,51.254,51.206,0.024,0.024
13.11.2023 06:31:58.388 GMT-0800,51.233999999999995,51.18600000000001,0.024,0.024
13.11.2023 06:31:58.608 GMT-0800,51.233999999999995,51.196000000000005,0.024,0.024
13.11.2023 06:31:58.709 GMT-0800,51.233999999999995,51.18600000000001,0.024,0.024
13.11.2023 06:31:58.830 GMT-0800,51.233999999999995,51.196000000000005,0.024,0.024
13.11.2023 06:31:59.530 GMT-0800,51.225,51.195,0.024,0.024
13.11.2023 06:31:59.860 GMT-0800,51.235,51.195,0.024,0.024
13.11.2023 06:31:59.952 GMT-0800,51.233999999999995,51.206,0.024,0.024
13.11.2023 06:32:00.003 GMT-0800,51.224,51.18600000000001,0.024,0.024
13.11.2023 06:32:00.053 GMT-0800,51.214,51.176,0.024,0.024
13.11.2023 06:32:02.072 GMT-0800,51.214,51.196000000000005,0.024,0.024
13.11.2023 06:32:02.123 GMT-0800,51.263999999999996,51.21600000000001,0.024,0.024
13.11.2023 06:32:02.224 GMT-0800,51.254,51.21600000000001,0.024,0.024
13.11.2023 06:32:02.460 GMT-0800,51.263999999999996,51.21600000000001,0.024,0.024
13.11.2023 06:32:02.584 GMT-0800,51.254,51.21600000000001,0.024,0.024
13.11.2023 06:32:04.027 GMT-0800,51.265,51.215,0.024,0.024
13.11.2023 06:32:04.087 GMT-0800,51.263999999999996,51.226000000000006,0.024,0.024
13.11.2023 06:32:04.137 GMT-0800,51.284,51.21600000000001,0.024,0.024
13.11.2023 06:32:04.204 GMT-0800,51.274,51.21600000000001,0.024,0.024
13.11.2023 06:32:05.169 GMT-0800,51.274,51.226000000000006,0.024,0.024
13.11.2023 06:32:05.518 GMT-0800,51.274,51.21600000000001,0.024,0.024
13.11.2023 06:32:06.246 GMT-0800,51.263999999999996,51.21600000000001,0.024,0.024
13.11.2023 06:32:06.968 GMT-0800,51.274,51.21600000000001,0.024,0.024
13.11.2023 06:32:07.018 GMT-0800,51.284,51.236000000000004,0.024,0.024
13.11.2023 06:32:07.326 GMT-0800,51.274,51.21600000000001,0.024,0.024
13.11.2023 06:32:07.724 GMT-0800,51.263999999999996,51.21600000000001,0.024,0.024
13.11.2023 06:32:07.990 GMT-0800,51.263999999999996,51.226000000000006,0.024,0.024
13.11.2023 06:32:09.508 GMT-0800,51.275,51.225,0.024,0.024
13.11.2023 06:32:10.229 GMT-0800,51.284,51.226000000000006,0.024,0.024
13.11.2023 06:32:10.363 GMT-0800,51.274,51.226000000000006,0.024,0.024
13.11.2023 06:32:10.847 GMT-0800,51.284,51.246,0.024,0.024
13.11.2023 06:32:11.026 GMT-0800,51.314,51.266000000000005,0.024,0.024
13.11.2023 06:32:11.119 GMT-0800,51.333999999999996,51.286,0.024,0.024
13.11.2023 06:32:11.220 GMT-0800,51.314,51.266000000000005,0.024,0.024
13.11.2023 06:32:11.326 GMT-0800,51.314,51.276,0.024,0.024
13.11.2023 06:32:12.742 GMT-0800,51.314,51.266000000000005,0.024,0.024
13.11.2023 06:32:12.869 GMT-0800,51.314,51.276,0.024,0.024
13.11.2023 06:32:13.210 GMT-0800,51.314,51.266000000000005,0.024,0.024
13.11.2023 06:32:13.293 GMT-0800,51.314,51.276,0.024,0.024
13.11.2023 06:32:14.555 GMT-0800,51.325,51.275,0.024,0.024
13.11.2023 06:32:14.606 GMT-0800,51.324,51.306000000000004,0.024,0.024
13.11.2023 06:32:14.666 GMT-0800,51.324,51.29600000000001,0.024,0.024
13.11.2023 06:32:14.984 GMT-0800,51.325,51.275,0.024,0.024
13.11.2023 06:32:15.181 GMT-0800,51.343999999999994,51.306000000000004,0.024,0.024
13.11.2023 06:32:15.515 GMT-0800,51.333999999999996,51.306000000000004,0.024,0.024
13.11.2023 06:32:16.836 GMT-0800,51.333999999999996,51.286,0.024,0.024
13.11.2023 06:32:16.948 GMT-0800,51.333999999999996,51.276,0.024,0.024
13.11.2023 06:32:18.459 GMT-0800,51.294,51.266000000000005,0.024,0.024
13.11.2023 06:32:18.585 GMT-0800,51.294,51.25600000000001,0.024,0.024
13.11.2023 06:32:19.258 GMT-0800,51.284,51.246,0.024,0.024
13.11.2023 06:32:21.354 GMT-0800,51.284,51.236000000000004,0.024,0.024
13.11.2023 06:32:22.153 GMT-0800,51.274,51.236000000000004,0.024,0.024
13.11.2023 06:32:26.632 GMT-0800,51.274,51.246,0.024,0.024
13.11.2023 06:32:27.125 GMT-0800,51.274,51.236000000000004,0.024,0.024
13.11.2023 06:32:28.225 GMT-0800,51.294,51.25600000000001,0.024,0.024
13.11.2023 06:32:28.328 GMT-0800,51.284,51.246,0.024,0.024
13.11.2023 06:32:28.459 GMT-0800,51.274,51.236000000000004,0.024,0.024
13.11.2023 06:32:30.650 GMT-0800,51.254,51.21600000000001,0.024,0.024
13.11.2023 06:32:31.044 GMT-0800,51.254,51.226000000000006,0.024,0.024
13.11.2023 06:32:32.821 GMT-0800,51.254,51.21600000000001,0.024,0.024
13.11.2023 06:32:33.129 GMT-0800,51.254,51.206,0.024,0.024
13.11.2023 06:32:33.566 GMT-0800,51.254,51.21600000000001,0.024,0.024
13.11.2023 06:32:35.398 GMT-0800,51.254,51.226000000000006,0.024,0.024
13.11.2023 06:32:37.306 GMT-0800,51.274,51.246,0.024,0.024
13.11.2023 06:32:37.357 GMT-0800,51.303999999999995,51.266000000000005,0.024,0.024
13.11.2023 06:32:38.869 GMT-0800,51.333999999999996,51.29600000000001,0.024,0.024
13.11.2023 06:32:38.919 GMT-0800,51.373999999999995,51.32600000000001,0.024,0.024
13.11.2023 06:32:38.970 GMT-0800,51.364,51.32600000000001,0.024,0.024
13.11.2023 06:32:39.170 GMT-0800,51.384,51.356,0.024,0.024
13.11.2023 06:32:39.220 GMT-0800,51.394,51.356,0.024,0.024
13.11.2023 06:32:39.307 GMT-0800,51.375,51.345,0.024,0.024
13.11.2023 06:32:39.358 GMT-0800,51.373999999999995,51.336000000000006,0.024,0.024
13.11.2023 06:32:39.409 GMT-0800,51.373999999999995,51.346000000000004,0.024,0.024
13.11.2023 06:32:39.619 GMT-0800,51.373999999999995,51.32600000000001,0.024,0.024
13.11.2023 06:32:39.798 GMT-0800,51.384,51.346000000000004,0.024,0.024
13.11.2023 06:32:40.018 GMT-0800,51.394,51.346000000000004,0.024,0.024
13.11.2023 06:32:40.090 GMT-0800,51.373999999999995,51.346000000000004,0.024,0.024
13.11.2023 06:32:40.191 GMT-0800,51.394,51.356,0.024,0.024
13.11.2023 06:32:40.242 GMT-0800,51.394,51.346000000000004,0.024,0.024
13.11.2023 06:32:40.393 GMT-0800,51.373999999999995,51.346000000000004,0.024,0.024
13.11.2023 06:32:40.508 GMT-0800,51.373999999999995,51.32600000000001,0.024,0.024
13.11.2023 06:32:40.558 GMT-0800,51.364,51.32600000000001,0.024,0.024
13.11.2023 06:32:41.210 GMT-0800,51.343999999999994,51.316,0.024,0.024
13.11.2023 06:32:41.341 GMT-0800,51.333999999999996,51.29600000000001,0.024,0.024
13.11.2023 06:32:42.751 GMT-0800,51.333999999999996,51.306000000000004,0.024,0.024
13.11.2023 06:32:43.205 GMT-0800,51.333999999999996,51.286,0.024,0.024
13.11.2023 06:32:44.040 GMT-0800,51.333999999999996,51.29600000000001,0.024,0.024
13.11.2023 06:32:44.091 GMT-0800,51.333999999999996,51.286,0.024,0.024
13.11.2023 06:32:44.504 GMT-0800,51.333999999999996,51.29600000000001,0.024,0.024
13.11.2023 06:32:45.019 GMT-0800,51.333999999999996,51.286,0.024,0.024
13.11.2023 06:32:45.588 GMT-0800,51.324,51.276,0.024,0.024
13.11.2023 06:32:46.338 GMT-0800,51.314,51.266000000000005,0.024,0.024
13.11.2023 06:32:47.377 GMT-0800,51.314,51.276,0.024,0.024
13.11.2023 06:32:47.782 GMT-0800,51.303999999999995,51.276,0.024,0.024
13.11.2023 06:32:47.883 GMT-0800,51.314,51.276,0.024,0.024
13.11.2023 06:32:48.761 GMT-0800,51.303999999999995,51.266000000000005,0.024,0.024
13.11.2023 06:32:49.558 GMT-0800,51.294,51.266000000000005,0.024,0.024
13.11.2023 06:32:49.821 GMT-0800,51.284,51.246,0.024,0.024
13.11.2023 06:32:52.060 GMT-0800,51.263999999999996,51.236000000000004,0.024,0.024
13.11.2023 06:32:55.686 GMT-0800,51.254,51.226000000000006,0.024,0.024
13.11.2023 06:32:55.898 GMT-0800,51.244,51.21600000000001,0.024,0.024
13.11.2023 06:32:56.147 GMT-0800,51.224,51.206,0.024,0.024
13.11.2023 06:32:56.197 GMT-0800,51.244,51.21600000000001,0.024,0.024
13.11.2023 06:33:00.395 GMT-0800,51.254,51.226000000000006,0.024,0.024
13.11.2023 06:33:00.445 GMT-0800,51.254,51.206,0.024,0.024
13.11.2023 06:33:00.496 GMT-0800,51.303999999999995,51.266000000000005,0.024,0.024
13.11.2023 06:33:00.546 GMT-0800,51.314,51.266000000000005,0.024,0.024
13.11.2023 06:33:00.698 GMT-0800,51.303999999999995,51.266000000000005,0.024,0.024
13.11.2023 06:33:00.748 GMT-0800,51.303999999999995,51.25600000000001,0.024,0.024
13.11.2023 06:33:01.275 GMT-0800,51.303999999999995,51.246,0.024,0.024
13.11.2023 06:33:01.511 GMT-0800,51.315,51.265,0.024,0.024
13.11.2023 06:33:01.612 GMT-0800,51.294,51.246,0.024,0.024
13.11.2023 06:33:01.858 GMT-0800,51.295,51.255,0.024,0.024
13.11.2023 06:33:03.064 GMT-0800,51.303999999999995,51.25600000000001,0.024,0.024
13.11.2023 06:33:03.115 GMT-0800,51.333999999999996,51.29600000000001,0.024,0.024
13.11.2023 06:33:03.666 GMT-0800,51.333999999999996,51.286,0.024,0.024
13.11.2023 06:33:03.767 GMT-0800,51.333999999999996,51.29600000000001,0.024,0.024
13.11.2023 06:33:04.067 GMT-0800,51.355000000000004,51.315,0.024,0.024
13.11.2023 06:33:04.118 GMT-0800,51.364,51.316,0.024,0.024
13.11.2023 06:33:04.594 GMT-0800,51.354,51.316,0.024,0.024
13.11.2023 06:33:04.644 GMT-0800,51.375,51.315,0.024,0.024
13.11.2023 06:33:04.716 GMT-0800,51.364,51.316,0.024,0.024
13.11.2023 06:33:04.766 GMT-0800,51.373999999999995,51.316,0.024,0.024
13.11.2023 06:33:04.817 GMT-0800,51.373999999999995,51.32600000000001,0.024,0.024
13.11.2023 06:33:05.138 GMT-0800,51.364,51.316,0.024,0.024
13.11.2023 06:33:05.239 GMT-0800,51.384,51.346000000000004,0.024,0.024
13.11.2023 06:33:06.071 GMT-0800,51.384,51.336000000000006,0.024,0.024
13.11.2023 06:33:06.334 GMT-0800,51.384,51.346000000000004,0.024,0.024
13.11.2023 06:33:06.567 GMT-0800,51.394,51.346000000000004,0.024,0.024
13.11.2023 06:33:06.618 GMT-0800,51.394,51.356,0.024,0.024
13.11.2023 06:33:07.168 GMT-0800,51.394,51.346000000000004,0.024,0.024
13.11.2023 06:33:07.770 GMT-0800,51.384,51.336000000000006,0.024,0.024
13.11.2023 06:33:07.820 GMT-0800,51.394,51.336000000000006,0.024,0.024
13.11.2023 06:33:08.211 GMT-0800,51.394,51.356,0.024,0.024
13.11.2023 06:33:08.390 GMT-0800,51.394,51.346000000000004,0.024,0.024
13.11.2023 06:33:08.454 GMT-0800,51.373999999999995,51.336000000000006,0.024,0.024
13.11.2023 06:33:08.645 GMT-0800,51.364,51.32600000000001,0.024,0.024
13.11.2023 06:33:08.829 GMT-0800,51.365,51.315,0.024,0.024
13.11.2023 06:33:10.714 GMT-0800,51.364,51.336000000000006,0.024,0.024
13.11.2023 06:33:10.764 GMT-0800,51.373999999999995,51.336000000000006,0.024,0.024
13.11.2023 06:33:11.021 GMT-0800,51.373999999999995,51.316,0.024,0.024
13.11.2023 06:33:12.850 GMT-0800,51.394,51.346000000000004,0.024,0.024
13.11.2023 06:33:13.907 GMT-0800,51.394,51.336000000000006,0.024,0.024
13.11.2023 06:33:14.046 GMT-0800,51.384,51.336000000000006,0.024,0.024
13.11.2023 06:33:15.161 GMT-0800,51.375,51.335,0.024,0.024
13.11.2023 06:33:15.563 GMT-0800,51.365,51.315,0.024,0.024
13.11.2023 06:33:15.664 GMT-0800,51.354,51.316,0.024,0.024
13.11.2023 06:33:15.716 GMT-0800,51.354,51.306000000000004,0.024,0.024
13.11.2023 06:33:15.766 GMT-0800,51.354,51.316,0.024,0.024
13.11.2023 06:33:16.164 GMT-0800,51.373999999999995,51.336000000000006,0.024,0.024
13.11.2023 06:33:17.217 GMT-0800,51.364,51.32600000000001,0.024,0.024
13.11.2023 06:33:18.098 GMT-0800,51.354,51.316,0.024,0.024
13.11.2023 06:33:20.224 GMT-0800,51.333999999999996,51.306000000000004,0.024,0.024
13.11.2023 06:33:20.275 GMT-0800,51.354,51.306000000000004,0.024,0.024
13.11.2023 06:33:20.346 GMT-0800,51.354,51.316,0.024,0.024
13.11.2023 06:33:20.438 GMT-0800,51.354,51.306000000000004,0.024,0.024
13.11.2023 06:33:20.533 GMT-0800,51.354,51.316,0.024,0.024
13.11.2023 06:33:20.752 GMT-0800,51.343999999999994,51.306000000000004,0.024,0.024
13.11.2023 06:33:21.492 GMT-0800,51.354,51.316,0.024,0.024
13.11.2023 06:33:21.763 GMT-0800,51.343999999999994,51.306000000000004,0.024,0.024
13.11.2023 06:33:21.866 GMT-0800,51.343999999999994,51.316,0.024,0.024
13.11.2023 06:33:21.989 GMT-0800,51.343999999999994,51.306000000000004,0.024,0.024
13.11.2023 06:33:22.449 GMT-0800,51.343999999999994,51.316,0.024,0.024
13.11.2023 06:33:22.499 GMT-0800,51.354,51.316,0.024,0.024
13.11.2023 06:33:23.000 GMT-0800,51.373999999999995,51.32600000000001,0.024,0.024
13.11.2023 06:33:23.051 GMT-0800,51.354,51.316,0.024,0.024
13.11.2023 06:33:23.221 GMT-0800,51.403999999999996,51.356,0.024,0.024
13.11.2023 06:33:23.411 GMT-0800,51.413999999999994,51.376000000000005,0.024,0.024
13.11.2023 06:33:23.463 GMT-0800,51.434,51.386,0.024,0.024
13.11.2023 06:33:23.737 GMT-0800,51.434,51.376000000000005,0.024,0.024
13.11.2023 06:33:24.206 GMT-0800,51.413999999999994,51.36600000000001,0.024,0.024
13.11.2023 06:33:24.321 GMT-0800,51.413999999999994,51.376000000000005,0.024,0.024
13.11.2023 06:33:24.437 GMT-0800,51.434,51.376000000000005,0.024,0.024
13.11.2023 06:33:25.088 GMT-0800,51.394,51.346000000000004,0.024,0.024
13.11.2023 06:33:25.138 GMT-0800,51.403999999999996,51.346000000000004,0.024,0.024
13.11.2023 06:33:25.189 GMT-0800,51.413999999999994,51.356,0.024,0.024
13.11.2023 06:33:25.413 GMT-0800,51.394,51.356,0.024,0.024
13.11.2023 06:33:25.832 GMT-0800,51.413999999999994,51.356,0.024,0.024
13.11.2023 06:33:25.882 GMT-0800,51.403999999999996,51.36600000000001,0.024,0.024
13.11.2023 06:33:26.254 GMT-0800,51.413999999999994,51.36600000000001,0.024,0.024
13.11.2023 06:33:26.440 GMT-0800,51.403999999999996,51.36600000000001,0.024,0.024
13.11.2023 06:33:26.870 GMT-0800,51.403999999999996,51.376000000000005,0.024,0.024
13.11.2023 06:33:26.963 GMT-0800,51.413999999999994,51.376000000000005,0.024,0.024
13.11.2023 06:33:27.182 GMT-0800,51.403999999999996,51.36600000000001,0.024,0.024
13.11.2023 06:33:27.817 GMT-0800,51.403999999999996,51.376000000000005,0.024,0.024
13.11.2023 06:33:27.867 GMT-0800,51.403999999999996,51.36600000000001,0.024,0.024
13.11.2023 06:33:27.944 GMT-0800,51.395,51.345,0.024,0.024
13.11.2023 06:33:28.833 GMT-0800,51.373999999999995,51.32600000000001,0.024,0.024
13.11.2023 06:33:29.443 GMT-0800,51.364,51.32600000000001,0.024,0.024
13.11.2023 06:33:32.032 GMT-0800,51.354,51.316,0.024,0.024
13.11.2023 06:33:34.485 GMT-0800,51.354,51.32600000000001,0.024,0.024
13.11.2023 06:33:34.934 GMT-0800,51.373999999999995,51.32600000000001,0.024,0.024
13.11.2023 06:33:35.020 GMT-0800,51.364,51.32600000000001,0.024,0.024
13.11.2023 06:33:35.312 GMT-0800,51.354,51.316,0.024,0.024
13.11.2023 06:33:36.304 GMT-0800,51.343999999999994,51.306000000000004,0.024,0.024
13.11.2023 06:33:38.193 GMT-0800,51.333999999999996,51.306000000000004,0.024,0.024
13.11.2023 06:33:38.402 GMT-0800,51.343999999999994,51.306000000000004,0.024,0.024
13.11.2023 06:33:38.781 GMT-0800,51.324,51.286,0.024,0.024
13.11.2023 06:33:39.179 GMT-0800,51.314,51.286,0.024,0.024
13.11.2023 06:33:39.571 GMT-0800,51.333999999999996,51.29600000000001,0.024,0.024
13.11.2023 06:33:39.622 GMT-0800,51.373999999999995,51.346000000000004,0.024,0.024
13.11.2023 06:33:39.686 GMT-0800,51.394,51.346000000000004,0.024,0.024
13.11.2023 06:33:39.737 GMT-0800,51.375,51.355000000000004,0.024,0.024
13.11.2023 06:33:40.065 GMT-0800,51.365,51.325,0.024,0.024
13.11.2023 06:33:42.515 GMT-0800,51.354,51.306000000000004,0.024,0.024
13.11.2023 06:33:42.584 GMT-0800,51.354,51.316,0.024,0.024
13.11.2023 06:33:42.647 GMT-0800,51.354,51.306000000000004,0.024,0.024
13.11.2023 06:33:45.158 GMT-0800,51.354,51.316,0.024,0.024
13.11.2023 06:33:45.280 GMT-0800,51.394,51.336000000000006,0.024,0.024
13.11.2023 06:33:46.574 GMT-0800,51.364,51.32600000000001,0.024,0.024
13.11.2023 06:33:46.661 GMT-0800,51.373999999999995,51.32600000000001,0.024,0.024
13.11.2023 06:33:46.941 GMT-0800,51.373999999999995,51.336000000000006,0.024,0.024
13.11.2023 06:33:47.049 GMT-0800,51.403999999999996,51.36600000000001,0.024,0.024
13.11.2023 06:33:47.524 GMT-0800,51.413999999999994,51.36600000000001,0.024,0.024
13.11.2023 06:33:47.574 GMT-0800,51.413999999999994,51.376000000000005,0.024,0.024
13.11.2023 06:33:48.770 GMT-0800,51.435,51.375,0.024,0.024
13.11.2023 06:33:48.820 GMT-0800,51.403999999999996,51.356,0.024,0.024
13.11.2023 06:33:48.921 GMT-0800,51.413999999999994,51.376000000000005,0.024,0.024
13.11.2023 06:33:50.795 GMT-0800,51.445,51.395,0.024,0.024
13.11.2023 06:33:51.580 GMT-0800,51.443999999999996,51.406000000000006,0.024,0.024
13.11.2023 06:33:51.680 GMT-0800,51.464,51.416000000000004,0.024,0.024
13.11.2023 06:33:51.731 GMT-0800,51.464,51.406000000000006,0.024,0.024
13.11.2023 06:33:51.781 GMT-0800,51.455,51.405,0.024,0.024
13.11.2023 06:33:51.925 GMT-0800,51.464,51.416000000000004,0.024,0.024
13.11.2023 06:33:51.975 GMT-0800,51.464,51.406000000000006,0.024,0.024
13.11.2023 06:33:52.026 GMT-0800,51.454,51.406000000000006,0.024,0.024
13.11.2023 06:33:52.809 GMT-0800,51.464,51.406000000000006,0.024,0.024
13.11.2023 06:33:52.915 GMT-0800,51.454,51.406000000000006,0.024,0.024
13.11.2023 06:33:54.633 GMT-0800,51.455,51.415,0.024,0.024
13.11.2023 06:33:54.684 GMT-0800,51.434,51.376000000000005,0.024,0.024
13.11.2023 06:33:54.805 GMT-0800,51.434,51.39600000000001,0.024,0.024
13.11.2023 06:33:54.906 GMT-0800,51.424,51.39600000000001,0.024,0.024
13.11.2023 06:33:54.988 GMT-0800,51.424,51.386,0.024,0.024
13.11.2023 06:33:55.213 GMT-0800,51.424,51.39600000000001,0.024,0.024
13.11.2023 06:33:55.409 GMT-0800,51.424,51.386,0.024,0.024
13.11.2023 06:33:55.827 GMT-0800,51.403999999999996,51.356,0.024,0.024
13.11.2023 06:33:55.878 GMT-0800,51.333999999999996,51.306000000000004,0.024,0.024
13.11.2023 06:33:55.979 GMT-0800,51.324,51.29600000000001,0.024,0.024
13.11.2023 06:33:56.130 GMT-0800,51.343999999999994,51.29600000000001,0.024,0.024
13.11.2023 06:33:56.210 GMT-0800,51.333999999999996,51.29600000000001,0.024,0.024
13.11.2023 06:33:56.362 GMT-0800,51.333999999999996,51.286,0.024,0.024
13.11.2023 06:33:56.614 GMT-0800,51.335,51.295,0.024,0.024
13.11.2023 06:33:56.692 GMT-0800,51.354,51.306000000000004,0.024,0.024
13.11.2023 06:33:57.131 GMT-0800,51.354,51.29600000000001,0.024,0.024
13.11.2023 06:33:59.893 GMT-0800,51.354,51.306000000000004,0.024,0.024
13.11.2023 06:34:01.099 GMT-0800,51.343999999999994,51.316,0.024,0.024
13.11.2023 06:34:01.187 GMT-0800,51.364,51.32600000000001,0.024,0.024
13.11.2023 06:34:01.550 GMT-0800,51.364,51.316,0.024,0.024
13.11.2023 06:34:05.814 GMT-0800,51.364,51.32600000000001,0.024,0.024
13.11.2023 06:34:06.345 GMT-0800,51.364,51.336000000000006,0.024,0.024
13.11.2023 06:34:06.395 GMT-0800,51.373999999999995,51.336000000000006,0.024,0.024
13.11.2023 06:34:06.813 GMT-0800,51.375,51.345,0.024,0.024
13.11.2023 06:34:06.918 GMT-0800,51.384,51.336000000000006,0.024,0.024
13.11.2023 06:34:08.227 GMT-0800,51.373999999999995,51.336000000000006,0.024,0.024
13.11.2023 06:34:08.380 GMT-0800,51.385,51.335,0.024,0.024
13.11.2023 06:34:09.405 GMT-0800,51.384,51.346000000000004,0.024,0.024
13.11.2023 06:34:10.341 GMT-0800,51.354,51.32600000000001,0.024,0.024
13.11.2023 06:34:10.392 GMT-0800,51.354,51.316,0.024,0.024
13.11.2023 06:34:11.156 GMT-0800,51.365,51.315,0.024,0.024
13.11.2023 06:34:15.885 GMT-0800,51.343999999999994,51.316,0.024,0.024
13.11.2023 06:34:16.265 GMT-0800,51.303999999999995,51.266000000000005,0.024,0.024
13.11.2023 06:34:16.315 GMT-0800,51.314,51.286,0.024,0.024
13.11.2023 06:34:16.366 GMT-0800,51.314,51.266000000000005,0.024,0.024
13.11.2023 06:34:16.417 GMT-0800,51.314,51.286,0.024,0.024
13.11.2023 06:34:16.621 GMT-0800,51.303999999999995,51.266000000000005,0.024,0.024
13.11.2023 06:34:16.732 GMT-0800,51.314,51.276,0.024,0.024
13.11.2023 06:34:17.272 GMT-0800,51.324,51.29600000000001,0.024,0.024
13.11.2023 06:34:17.322 GMT-0800,51.325,51.285000000000004,0.024,0.024
13.11.2023 06:34:17.910 GMT-0800,51.324,51.29600000000001,0.024,0.024
13.11.2023 06:34:18.423 GMT-0800,51.324,51.286,0.024,0.024
13.11.2023 06:34:20.233 GMT-0800,51.343999999999994,51.306000000000004,0.024,0.024
13.11.2023 06:34:23.207 GMT-0800,51.324,51.306000000000004,0.024,0.024
13.11.2023 06:34:23.257 GMT-0800,51.355000000000004,51.325,0.024,0.024
13.11.2023 06:34:23.308 GMT-0800,51.364,51.32600000000001,0.024,0.024
13.11.2023 06:34:23.540 GMT-0800,51.384,51.356,0.024,0.024
13.11.2023 06:34:23.594 GMT-0800,51.403999999999996,51.356,0.024,0.024
13.11.2023 06:34:23.738 GMT-0800,51.394,51.356,0.024,0.024
13.11.2023 06:34:23.793 GMT-0800,51.403999999999996,51.356,0.024,0.024
13.11.2023 06:34:27.281 GMT-0800,51.384,51.346000000000004,0.024,0.024
13.11.2023 06:34:27.332 GMT-0800,51.403999999999996,51.356,0.024,0.024
13.11.2023 06:34:27.635 GMT-0800,51.373999999999995,51.346000000000004,0.024,0.024
13.11.2023 06:34:27.812 GMT-0800,51.364,51.336000000000006,0.024,0.024
13.11.2023 06:34:28.021 GMT-0800,51.373999999999995,51.336000000000006,0.024,0.024
13.11.2023 06:34:28.093 GMT-0800,51.394,51.336000000000006,0.024,0.024
13.11.2023 06:34:28.260 GMT-0800,51.384,51.346000000000004,0.024,0.024
13.11.2023 06:34:28.345 GMT-0800,51.394,51.346000000000004,0.024,0.024
13.11.2023 06:34:28.396 GMT-0800,51.403999999999996,51.346000000000004,0.024,0.024
13.11.2023 06:34:28.446 GMT-0800,51.403999999999996,51.356,0.024,0.024
13.11.2023 06:34:28.902 GMT-0800,51.403999999999996,51.36600000000001,0.024,0.024
13.11.2023 06:34:29.111 GMT-0800,51.434,51.36600000000001,0.024,0.024
13.11.2023 06:34:31.050 GMT-0800,51.434,51.376000000000005,0.024,0.024
13.11.2023 06:34:31.181 GMT-0800,51.434,51.39600000000001,0.024,0.024
13.11.2023 06:34:31.231 GMT-0800,51.434,51.376000000000005,0.024,0.024
13.11.2023 06:34:32.439 GMT-0800,51.443999999999996,51.376000000000005,0.024,0.024
13.11.2023 06:34:33.103 GMT-0800,51.434,51.376000000000005,0.024,0.024
13.11.2023 06:34:33.154 GMT-0800,51.443999999999996,51.376000000000005,0.024,0.024
13.11.2023 06:34:33.499 GMT-0800,51.413999999999994,51.386,0.024,0.024
13.11.2023 06:34:33.549 GMT-0800,51.413999999999994,51.36600000000001,0.024,0.024
13.11.2023 06:34:34.760 GMT-0800,51.434,51.36600000000001,0.024,0.024
13.11.2023 06:34:34.810 GMT-0800,51.403999999999996,51.36600000000001,0.024,0.024
13.11.2023 06:34:34.878 GMT-0800,51.434,51.36600000000001,0.024,0.024
13.11.2023 06:34:35.439 GMT-0800,51.394,51.36600000000001,0.024,0.024
13.11.2023 06:34:35.793 GMT-0800,51.364,51.306000000000004,0.024,0.024
13.11.2023 06:34:36.293 GMT-0800,51.384,51.336000000000006,0.024,0.024
13.11.2023 06:34:36.595 GMT-0800,51.373999999999995,51.336000000000006,0.024,0.024
13.11.2023 06:34:36.646 GMT-0800,51.373999999999995,51.32600000000001,0.024,0.024
13.11.2023 06:34:36.697 GMT-0800,51.385,51.325,0.024,0.024
13.11.2023 06:34:36.747 GMT-0800,51.373999999999995,51.32600000000001,0.024,0.024
13.11.2023 06:34:37.079 GMT-0800,51.364,51.32600000000001,0.024,0.024
13.11.2023 06:34:37.129 GMT-0800,51.365,51.315,0.024,0.024
13.11.2023 06:34:37.408 GMT-0800,51.355000000000004,51.305,0.024,0.024
13.11.2023 06:34:37.762 GMT-0800,51.364,51.306000000000004,0.024,0.024
13.11.2023 06:34:39.111 GMT-0800,51.354,51.306000000000004,0.024,0.024
13.11.2023 06:34:39.500 GMT-0800,51.364,51.316,0.024,0.024
13.11.2023 06:34:39.944 GMT-0800,51.364,51.32600000000001,0.024,0.024
13.11.2023 06:34:40.506 GMT-0800,51.354,51.32600000000001,0.024,0.024
13.11.2023 06:34:40.647 GMT-0800,51.384,51.346000000000004,0.024,0.024
13.11.2023 06:34:41.091 GMT-0800,51.373999999999995,51.336000000000006,0.024,0.024
13.11.2023 06:34:41.149 GMT-0800,51.384,51.336000000000006,0.024,0.024
13.11.2023 06:34:41.383 GMT-0800,51.373999999999995,51.336000000000006,0.024,0.024
13.11.2023 06:34:43.537 GMT-0800,51.384,51.336000000000006,0.024,0.024
13.11.2023 06:34:43.625 GMT-0800,51.343999999999994,51.306000000000004,0.024,0.024
13.11.2023 06:34:43.675 GMT-0800,51.355000000000004,51.305,0.024,0.024
13.11.2023 06:34:43.928 GMT-0800,51.354,51.316,0.024,0.024
13.11.2023 06:34:44.476 GMT-0800,51.354,51.32600000000001,0.024,0.024
13.11.2023 06:34:46.140 GMT-0800,51.364,51.32600000000001,0.024,0.024
13.11.2023 06:34:49.612 GMT-0800,51.324,51.286,0.024,0.024
13.11.2023 06:34:50.070 GMT-0800,51.333999999999996,51.286,0.024,0.024
13.11.2023 06:34:51.949 GMT-0800,51.324,51.286,0.024,0.024
13.11.2023 06:34:52.000 GMT-0800,51.333999999999996,51.286,0.024,0.024
13.11.2023 06:34:53.289 GMT-0800,51.314,51.286,0.024,0.024
13.11.2023 06:34:53.339 GMT-0800,51.324,51.286,0.024,0.024
13.11.2023 06:34:53.854 GMT-0800,51.314,51.276,0.024,0.024
13.11.2023 06:34:54.050 GMT-0800,51.325,51.275,0.024,0.024
13.11.2023 06:34:54.283 GMT-0800,51.314,51.286,0.024,0.024
13.11.2023 06:34:54.333 GMT-0800,51.325,51.285000000000004,0.024,0.024
13.11.2023 06:34:54.473 GMT-0800,51.324,51.266000000000005,0.024,0.024
13.11.2023 06:34:54.633 GMT-0800,51.303999999999995,51.266000000000005,0.024,0.024
13.11.2023 06:34:54.684 GMT-0800,51.324,51.266000000000005,0.024,0.024
13.11.2023 06:34:54.801 GMT-0800,51.314,51.266000000000005,0.024,0.024
13.11.2023 06:34:55.447 GMT-0800,51.324,51.266000000000005,0.024,0.024
13.11.2023 06:34:55.789 GMT-0800,51.324,51.286,0.024,0.024
13.11.2023 06:34:56.720 GMT-0800,51.314,51.286,0.024,0.024
13.11.2023 06:34:57.031 GMT-0800,51.303999999999995,51.266000000000005,0.024,0.024
13.11.2023 06:34:58.565 GMT-0800,51.294,51.266000000000005,0.024,0.024
13.11.2023 06:34:58.702 GMT-0800,51.274,51.236000000000004,0.024,0.024
13.11.2023 06:34:58.753 GMT-0800,51.274,51.226000000000006,0.024,0.024
13.11.2023 06:34:58.827 GMT-0800,51.284,51.246,0.024,0.024
13.11.2023 06:34:59.494 GMT-0800,51.303999999999995,51.25600000000001,0.024,0.024
13.11.2023 06:34:59.689 GMT-0800,51.295,51.255,0.024,0.024
13.11.2023 06:34:59.925 GMT-0800,51.284,51.226000000000006,0.024,0.024
13.11.2023 06:34:59.975 GMT-0800,51.284,51.246,0.024,0.024
13.11.2023 06:35:00.287 GMT-0800,51.263999999999996,51.236000000000004,0.024,0.024
13.11.2023 06:35:00.388 GMT-0800,51.284,51.236000000000004,0.024,0.024
13.11.2023 06:35:00.442 GMT-0800,51.274,51.236000000000004,0.024,0.024
13.11.2023 06:35:00.731 GMT-0800,51.263999999999996,51.236000000000004,0.024,0.024
13.11.2023 06:35:00.886 GMT-0800,51.254,51.206,0.024,0.024
13.11.2023 06:35:01.197 GMT-0800,51.244,51.206,0.024,0.024
13.11.2023 06:35:01.520 GMT-0800,51.244,51.21600000000001,0.024,0.024
13.11.2023 06:35:01.588 GMT-0800,51.254,51.21600000000001,0.024,0.024
13.11.2023 06:35:01.720 GMT-0800,51.254,51.206,0.024,0.024
13.11.2023 06:35:01.989 GMT-0800,51.244,51.206,0.024,0.024
13.11.2023 06:35:02.039 GMT-0800,51.263999999999996,51.21600000000001,0.024,0.024
13.11.2023 06:35:02.090 GMT-0800,51.254,51.21600000000001,0.024,0.024
13.11.2023 06:35:02.211 GMT-0800,51.263999999999996,51.21600000000001,0.024,0.024
13.11.2023 06:35:02.427 GMT-0800,51.254,51.21600000000001,0.024,0.024
13.11.2023 06:35:02.785 GMT-0800,51.244,51.206,0.024,0.024
13.11.2023 06:35:03.176 GMT-0800,51.233999999999995,51.196000000000005,0.024,0.024
13.11.2023 06:35:03.226 GMT-0800,51.244,51.196000000000005,0.024,0.024
13.11.2023 06:35:03.281 GMT-0800,51.244,51.206,0.024,0.024
13.11.2023 06:35:03.480 GMT-0800,51.225,51.195,0.024,0.024
13.11.2023 06:35:03.733 GMT-0800,51.244,51.196000000000005,0.024,0.024
13.11.2023 06:35:03.924 GMT-0800,51.233999999999995,51.196000000000005,0.024,0.024
13.11.2023 06:35:04.309 GMT-0800,51.244,51.206,0.024,0.024
13.11.2023 06:35:04.648 GMT-0800,51.263999999999996,51.21600000000001,0.024,0.024
13.11.2023 06:35:05.123 GMT-0800,51.254,51.206,0.024,0.024
13.11.2023 06:35:05.304 GMT-0800,51.265,51.205,0.024,0.024
13.11.2023 06:35:05.355 GMT-0800,51.263999999999996,51.21600000000001,0.024,0.024
13.11.2023 06:35:05.661 GMT-0800,51.263999999999996,51.206,0.024,0.024
13.11.2023 06:35:05.832 GMT-0800,51.254,51.206,0.024,0.024
13.11.2023 06:35:06.121 GMT-0800,51.233999999999995,51.196000000000005,0.024,0.024
13.11.2023 06:35:06.909 GMT-0800,51.224,51.196000000000005,0.024,0.024
13.11.2023 06:35:06.960 GMT-0800,51.233999999999995,51.196000000000005,0.024,0.024
13.11.2023 06:35:07.305 GMT-0800,51.224,51.196000000000005,0.024,0.024
13.11.2023 06:35:07.903 GMT-0800,51.233999999999995,51.196000000000005,0.024,0.024
13.11.2023 06:35:08.022 GMT-0800,51.224,51.196000000000005,0.024,0.024
13.11.2023 06:35:08.072 GMT-0800,51.235,51.195,0.024,0.024
13.11.2023 06:35:08.252 GMT-0800,51.224,51.196000000000005,0.024,0.024
13.11.2023 06:35:08.303 GMT-0800,51.233999999999995,51.196000000000005,0.024,0.024
13.11.2023 06:35:08.474 GMT-0800,51.224,51.196000000000005,0.024,0.024
13.11.2023 06:35:08.597 GMT-0800,51.233999999999995,51.196000000000005,0.024,0.024
13.11.2023 06:35:09.206 GMT-0800,51.214,51.18600000000001,0.024,0.024
13.11.2023 06:35:09.257 GMT-0800,51.233999999999995,51.18600000000001,0.024,0.024
13.11.2023 06:35:09.307 GMT-0800,51.233999999999995,51.196000000000005,0.024,0.024
13.11.2023 06:35:09.521 GMT-0800,51.233999999999995,51.18600000000001,0.024,0.024
13.11.2023 06:35:09.671 GMT-0800,51.214,51.18600000000001,0.024,0.024
13.11.2023 06:35:09.941 GMT-0800,51.235,51.185,0.024,0.024
13.11.2023 06:35:10.035 GMT-0800,51.233999999999995,51.196000000000005,0.024,0.024
13.11.2023 06:35:10.176 GMT-0800,51.233999999999995,51.18600000000001,0.024,0.024
13.11.2023 06:35:10.724 GMT-0800,51.224,51.18600000000001,0.024,0.024
13.11.2023 06:35:11.084 GMT-0800,51.233999999999995,51.196000000000005,0.024,0.024
13.11.2023 06:35:11.135 GMT-0800,51.254,51.206,0.024,0.024
13.11.2023 06:35:11.858 GMT-0800,51.254,51.18600000000001,0.024,0.024
13.11.2023 06:35:12.627 GMT-0800,51.224,51.18600000000001,0.024,0.024
13.11.2023 06:35:13.286 GMT-0800,51.233999999999995,51.18600000000001,0.024,0.024
13.11.2023 06:35:13.385 GMT-0800,51.254,51.18600000000001,0.024,0.024
13.11.2023 06:35:13.693 GMT-0800,51.233999999999995,51.18600000000001,0.024,0.024
13.11.2023 06:35:13.882 GMT-0800,51.254,51.196000000000005,0.024,0.024
13.11.2023 06:35:16.864 GMT-0800,51.254,51.206,0.024,0.024
13.11.2023 06:35:16.914 GMT-0800,51.263999999999996,51.206,0.024,0.024
13.11.2023 06:35:17.324 GMT-0800,51.263999999999996,51.226000000000006,0.024,0.024
13.11.2023 06:35:18.137 GMT-0800,51.263999999999996,51.236000000000004,0.024,0.024
13.11.2023 06:35:18.271 GMT-0800,51.263999999999996,51.246,0.024,0.024
13.11.2023 06:35:18.856 GMT-0800,51.254,51.226000000000006,0.024,0.024
13.11.2023 06:35:19.004 GMT-0800,51.263999999999996,51.226000000000006,0.024,0.024
13.11.2023 06:35:19.661 GMT-0800,51.284,51.246,0.024,0.024
13.11.2023 06:35:19.943 GMT-0800,51.263999999999996,51.246,0.024,0.024
13.11.2023 06:35:19.994 GMT-0800,51.254,51.226000000000006,0.024,0.024
13.11.2023 06:35:21.482 GMT-0800,51.225,51.185,0.024,0.024
13.11.2023 06:35:21.973 GMT-0800,51.224,51.196000000000005,0.024,0.024
13.11.2023 06:35:26.498 GMT-0800,51.254,51.21600000000001,0.024,0.024
13.11.2023 06:35:26.549 GMT-0800,51.263999999999996,51.226000000000006,0.024,0.024
13.11.2023 06:35:26.688 GMT-0800,51.265,51.215,0.024,0.024
13.11.2023 06:35:26.739 GMT-0800,51.263999999999996,51.226000000000006,0.024,0.024
13.11.2023 06:35:26.977 GMT-0800,51.274,51.226000000000006,0.024,0.024
13.11.2023 06:35:27.540 GMT-0800,51.274,51.236000000000004,0.024,0.024
13.11.2023 06:35:27.719 GMT-0800,51.263999999999996,51.236000000000004,0.024,0.024
13.11.2023 06:35:27.870 GMT-0800,51.263999999999996,51.21600000000001,0.024,0.024
13.11.2023 06:35:27.920 GMT-0800,51.274,51.236000000000004,0.024,0.024
13.11.2023 06:35:27.971 GMT-0800,51.284,51.236000000000004,0.024,0.024
13.11.2023 06:35:28.022 GMT-0800,51.274,51.236000000000004,0.024,0.024
13.11.2023 06:35:28.072 GMT-0800,51.284,51.236000000000004,0.024,0.024
13.11.2023 06:35:28.348 GMT-0800,51.284,51.246,0.024,0.024
13.11.2023 06:35:28.468 GMT-0800,51.275,51.245000000000005,0.024,0.024
13.11.2023 06:35:28.518 GMT-0800,51.284,51.246,0.024,0.024
13.11.2023 06:35:29.902 GMT-0800,51.274,51.246,0.024,0.024
13.11.2023 06:35:29.953 GMT-0800,51.285000000000004,51.245000000000005,0.024,0.024
13.11.2023 06:35:32.720 GMT-0800,51.274,51.246,0.024,0.024
13.11.2023 06:35:32.771 GMT-0800,51.284,51.246,0.024,0.024
13.11.2023 06:35:33.014 GMT-0800,51.284,51.236000000000004,0.024,0.024
13.11.2023 06:35:33.116 GMT-0800,51.284,51.25600000000001,0.024,0.024
13.11.2023 06:35:33.212 GMT-0800,51.303999999999995,51.266000000000005,0.024,0.024
13.11.2023 06:35:33.601 GMT-0800,51.303999999999995,51.25600000000001,0.024,0.024
13.11.2023 06:35:33.652 GMT-0800,51.303999999999995,51.266000000000005,0.024,0.024
13.11.2023 06:35:35.232 GMT-0800,51.284,51.266000000000005,0.024,0.024
13.11.2023 06:35:35.291 GMT-0800,51.305,51.265,0.024,0.024
13.11.2023 06:35:35.386 GMT-0800,51.294,51.266000000000005,0.024,0.024
13.11.2023 06:35:35.495 GMT-0800,51.305,51.265,0.024,0.024
13.11.2023 06:35:38.253 GMT-0800,51.294,51.266000000000005,0.024,0.024
13.11.2023 06:35:38.851 GMT-0800,51.274,51.236000000000004,0.024,0.024
13.11.2023 06:35:40.201 GMT-0800,51.284,51.25600000000001,0.024,0.024
13.11.2023 06:35:42.582 GMT-0800,51.284,51.236000000000004,0.024,0.024
13.11.2023 06:35:42.910 GMT-0800,51.263999999999996,51.21600000000001,0.024,0.024
13.11.2023 06:35:43.011 GMT-0800,51.233999999999995,51.18600000000001,0.024,0.024
13.11.2023 06:35:43.483 GMT-0800,51.244,51.206,0.024,0.024
13.11.2023 06:35:44.839 GMT-0800,51.244,51.196000000000005,0.024,0.024
13.11.2023 06:35:45.773 GMT-0800,51.224,51.196000000000005,0.024,0.024
13.11.2023 06:35:48.965 GMT-0800,51.224,51.18600000000001,0.024,0.024
13.11.2023 06:35:51.824 GMT-0800,51.224,51.196000000000005,0.024,0.024
13.11.2023 06:35:52.701 GMT-0800,51.274,51.246,0.024,0.024
13.11.2023 06:35:52.792 GMT-0800,51.285000000000004,51.245000000000005,0.024,0.024
13.11.2023 06:35:52.843 GMT-0800,51.284,51.25600000000001,0.024,0.024
13.11.2023 06:35:52.894 GMT-0800,51.294,51.25600000000001,0.024,0.024
13.11.2023 06:35:53.136 GMT-0800,51.303999999999995,51.25600000000001,0.024,0.024
13.11.2023 06:35:53.241 GMT-0800,51.294,51.25600000000001,0.024,0.024
13.11.2023 06:35:53.630 GMT-0800,51.303999999999995,51.266000000000005,0.024,0.024
13.11.2023 06:35:54.187 GMT-0800,51.295,51.265,0.024,0.024
13.11.2023 06:35:54.615 GMT-0800,51.303999999999995,51.266000000000005,0.024,0.024
13.11.2023 06:35:55.515 GMT-0800,51.294,51.266000000000005,0.024,0.024
13.11.2023 06:35:55.968 GMT-0800,51.305,51.265,0.024,0.024
13.11.2023 06:35:56.071 GMT-0800,51.284,51.266000000000005,0.024,0.024
13.11.2023 06:35:56.554 GMT-0800,51.274,51.236000000000004,0.024,0.024
13.11.2023 06:35:56.605 GMT-0800,51.254,51.226000000000006,0.024,0.024
13.11.2023 06:35:56.655 GMT-0800,51.254,51.21600000000001,0.024,0.024
13.11.2023 06:35:56.786 GMT-0800,51.254,51.226000000000006,0.024,0.024
13.11.2023 06:35:56.897 GMT-0800,51.254,51.21600000000001,0.024,0.024
13.11.2023 06:35:57.656 GMT-0800,51.263999999999996,51.226000000000006,0.024,0.024
13.11.2023 06:35:58.087 GMT-0800,51.263999999999996,51.21600000000001,0.024,0.024
13.11.2023 06:35:58.138 GMT-0800,51.254,51.21600000000001,0.024,0.024
13.11.2023 06:35:58.697 GMT-0800,51.263999999999996,51.226000000000006,0.024,0.024
13.11.2023 06:35:59.071 GMT-0800,51.263999999999996,51.236000000000004,0.024,0.024
13.11.2023 06:36:00.158 GMT-0800,51.254,51.21600000000001,0.024,0.024
13.11.2023 06:36:00.731 GMT-0800,51.254,51.236000000000004,0.024,0.024
13.11.2023 06:36:00.782 GMT-0800,51.263999999999996,51.236000000000004,0.024,0.024
13.11.2023 06:36:01.073 GMT-0800,51.263999999999996,51.246,0.024,0.024
13.11.2023 06:36:01.474 GMT-0800,51.274,51.246,0.024,0.024
13.11.2023 06:36:04.254 GMT-0800,51.263999999999996,51.236000000000004,0.024,0.024
13.11.2023 06:36:04.739 GMT-0800,51.254,51.226000000000006,0.024,0.024
13.11.2023 06:36:04.790 GMT-0800,51.263999999999996,51.226000000000006,0.024,0.024
13.11.2023 06:36:10.729 GMT-0800,51.254,51.226000000000006,0.024,0.024
13.11.2023 06:36:10.901 GMT-0800,51.263999999999996,51.236000000000004,0.024,0.024
13.11.2023 06:36:11.057 GMT-0800,51.265,51.225,0.024,0.024
13.11.2023 06:36:11.113 GMT-0800,51.263999999999996,51.236000000000004,0.024,0.024
13.11.2023 06:36:11.776 GMT-0800,51.274,51.246,0.024,0.024
13.11.2023 06:36:11.877 GMT-0800,51.274,51.236000000000004,0.024,0.024
13.11.2023 06:36:13.787 GMT-0800,51.274,51.226000000000006,0.024,0.024
13.11.2023 06:36:13.844 GMT-0800,51.274,51.246,0.024,0.024
13.11.2023 06:36:15.181 GMT-0800,51.274,51.25600000000001,0.024,0.024
13.11.2023 06:36:15.442 GMT-0800,51.284,51.266000000000005,0.024,0.024
13.11.2023 06:36:15.492 GMT-0800,51.284,51.25600000000001,0.024,0.024
13.11.2023 06:36:17.730 GMT-0800,51.275,51.255,0.024,0.024
13.11.2023 06:36:17.781 GMT-0800,51.284,51.25600000000001,0.024,0.024
13.11.2023 06:36:19.283 GMT-0800,51.274,51.25600000000001,0.024,0.024
13.11.2023 06:36:20.612 GMT-0800,51.254,51.226000000000006,0.024,0.024
13.11.2023 06:36:20.855 GMT-0800,51.263999999999996,51.226000000000006,0.024,0.024
13.11.2023 06:36:21.321 GMT-0800,51.274,51.226000000000006,0.024,0.024
13.11.2023 06:36:22.613 GMT-0800,51.274,51.246,0.024,0.024
13.11.2023 06:36:24.496 GMT-0800,51.284,51.25600000000001,0.024,0.024
13.11.2023 06:36:24.546 GMT-0800,51.305,51.265,0.024,0.024
13.11.2023 06:36:24.610 GMT-0800,51.294,51.25600000000001,0.024,0.024
13.11.2023 06:36:25.055 GMT-0800,51.303999999999995,51.276,0.024,0.024
13.11.2023 06:36:25.511 GMT-0800,51.314,51.276,0.024,0.024
13.11.2023 06:36:26.592 GMT-0800,51.324,51.276,0.024,0.024
13.11.2023 06:36:27.325 GMT-0800,51.315,51.275,0.024,0.024
13.11.2023 06:36:28.530 GMT-0800,51.294,51.266000000000005,0.024,0.024
13.11.2023 06:36:30.230 GMT-0800,51.303999999999995,51.266000000000005,0.024,0.024
13.11.2023 06:36:30.281 GMT-0800,51.303999999999995,51.276,0.024,0.024
13.11.2023 06:36:34.181 GMT-0800,51.305,51.265,0.024,0.024
13.11.2023 06:36:34.232 GMT-0800,51.294,51.246,0.024,0.024
13.11.2023 06:36:34.452 GMT-0800,51.303999999999995,51.25600000000001,0.024,0.024
13.11.2023 06:36:34.922 GMT-0800,51.303999999999995,51.276,0.024,0.024
13.11.2023 06:36:35.056 GMT-0800,51.294,51.276,0.024,0.024
13.11.2023 06:36:35.107 GMT-0800,51.303999999999995,51.276,0.024,0.024
13.11.2023 06:36:35.956 GMT-0800,51.303999999999995,51.266000000000005,0.024,0.024
13.11.2023 06:36:38.053 GMT-0800,51.294,51.246,0.024,0.024
13.11.2023 06:36:39.144 GMT-0800,51.294,51.266000000000005,0.024,0.024
13.11.2023 06:36:40.500 GMT-0800,51.284,51.246,0.024,0.024
13.11.2023 06:36:41.212 GMT-0800,51.263999999999996,51.226000000000006,0.024,0.024
13.11.2023 06:36:41.983 GMT-0800,51.263999999999996,51.236000000000004,0.024,0.024
13.11.2023 06:36:42.416 GMT-0800,51.263999999999996,51.246,0.024,0.024
13.11.2023 06:36:42.520 GMT-0800,51.284,51.25600000000001,0.024,0.024
13.11.2023 06:36:42.571 GMT-0800,51.284,51.246,0.024,0.024
13.11.2023 06:36:42.821 GMT-0800,51.274,51.246,0.024,0.024
13.11.2023 06:36:43.209 GMT-0800,51.284,51.246,0.024,0.024
13.11.2023 06:36:44.581 GMT-0800,51.284,51.25600000000001,0.024,0.024
13.11.2023 06:36:44.631 GMT-0800,51.294,51.25600000000001,0.024,0.024
13.11.2023 06:36:44.888 GMT-0800,51.294,51.246,0.024,0.024
13.11.2023 06:36:44.938 GMT-0800,51.294,51.25600000000001,0.024,0.024
13.11.2023 06:36:45.253 GMT-0800,51.294,51.246,0.024,0.024
13.11.2023 06:36:45.304 GMT-0800,51.294,51.25600000000001,0.024,0.024
13.11.2023 06:36:45.886 GMT-0800,51.303999999999995,51.25600000000001,0.024,0.024
13.11.2023 06:36:46.034 GMT-0800,51.303999999999995,51.266000000000005,0.024,0.024
13.11.2023 06:36:46.404 GMT-0800,51.305,51.255,0.024,0.024
13.11.2023 06:36:46.454 GMT-0800,51.294,51.25600000000001,0.024,0.024
13.11.2023 06:36:47.285 GMT-0800,51.284,51.25600000000001,0.024,0.024
13.11.2023 06:36:47.404 GMT-0800,51.284,51.266000000000005,0.024,0.024
13.11.2023 06:36:47.454 GMT-0800,51.284,51.25600000000001,0.024,0.024
13.11.2023 06:36:47.505 GMT-0800,51.294,51.266000000000005,0.024,0.024
13.11.2023 06:36:49.651 GMT-0800,51.284,51.25600000000001,0.024,0.024
13.11.2023 06:36:50.118 GMT-0800,51.294,51.25600000000001,0.024,0.024
13.11.2023 06:36:50.254 GMT-0800,51.295,51.265,0.024,0.024
13.11.2023 06:36:50.635 GMT-0800,51.284,51.266000000000005,0.024,0.024
13.11.2023 06:36:50.685 GMT-0800,51.275,51.245000000000005,0.024,0.024
13.11.2023 06:36:50.737 GMT-0800,51.285000000000004,51.245000000000005,0.024,0.024
13.11.2023 06:36:51.133 GMT-0800,51.284,51.25600000000001,0.024,0.024
13.11.2023 06:36:51.536 GMT-0800,51.284,51.246,0.024,0.024
13.11.2023 06:36:52.770 GMT-0800,51.263999999999996,51.226000000000006,0.024,0.024
13.11.2023 06:36:53.057 GMT-0800,51.263999999999996,51.236000000000004,0.024,0.024
13.11.2023 06:36:53.457 GMT-0800,51.263999999999996,51.226000000000006,0.024,0.024
13.11.2023 06:36:53.558 GMT-0800,51.263999999999996,51.236000000000004,0.024,0.024
13.11.2023 06:36:54.593 GMT-0800,51.263999999999996,51.226000000000006,0.024,0.024
13.11.2023 06:36:54.731 GMT-0800,51.263999999999996,51.236000000000004,0.024,0.024
13.11.2023 06:36:58.158 GMT-0800,51.263999999999996,51.226000000000006,0.024,0.024
13.11.2023 06:36:58.209 GMT-0800,51.263999999999996,51.236000000000004,0.024,0.024
13.11.2023 06:36:59.371 GMT-0800,51.274,51.246,0.024,0.024
13.11.2023 06:36:59.581 GMT-0800,51.284,51.25600000000001,0.024,0.024
13.11.2023 06:37:00.147 GMT-0800,51.274,51.246,0.024,0.024
13.11.2023 06:37:01.778 GMT-0800,51.285000000000004,51.255,0.024,0.024
13.11.2023 06:37:02.073 GMT-0800,51.284,51.246,0.024,0.024
13.11.2023 06:37:02.246 GMT-0800,51.284,51.25600000000001,0.024,0.024
13.11.2023 06:37:02.389 GMT-0800,51.285000000000004,51.245000000000005,0.024,0.024
13.11.2023 06:37:03.589 GMT-0800,51.274,51.246,0.024,0.024
13.11.2023 06:37:06.486 GMT-0800,51.274,51.25600000000001,0.024,0.024
13.11.2023 06:37:06.597 GMT-0800,51.274,51.246,0.024,0.024
13.11.2023 06:37:06.823 GMT-0800,51.274,51.25600000000001,0.024,0.024
13.11.2023 06:37:07.912 GMT-0800,51.284,51.266000000000005,0.024,0.024
13.11.2023 06:37:08.013 GMT-0800,51.284,51.25600000000001,0.024,0.024
13.11.2023 06:37:09.259 GMT-0800,51.284,51.266000000000005,0.024,0.024
13.11.2023 06:37:10.354 GMT-0800,51.284,51.25600000000001,0.024,0.024
13.11.2023 06:37:10.405 GMT-0800,51.274,51.246,0.024,0.024
13.11.2023 06:37:10.697 GMT-0800,51.263999999999996,51.246,0.024,0.024
13.11.2023 06:37:10.949 GMT-0800,51.274,51.246,0.024,0.024
13.11.2023 06:37:11.000 GMT-0800,51.274,51.25600000000001,0.024,0.024
13.11.2023 06:37:12.145 GMT-0800,51.274,51.246,0.024,0.024
13.11.2023 06:37:12.256 GMT-0800,51.263999999999996,51.246,0.024,0.024
13.11.2023 06:37:12.599 GMT-0800,51.254,51.226000000000006,0.024,0.024
13.11.2023 06:37:12.708 GMT-0800,51.254,51.236000000000004,0.024,0.024
13.11.2023 06:37:12.926 GMT-0800,51.244,51.226000000000006,0.024,0.024
13.11.2023 06:37:13.088 GMT-0800,51.254,51.226000000000006,0.024,0.024
13.11.2023 06:37:13.754 GMT-0800,51.244,51.226000000000006,0.024,0.024
13.11.2023 06:37:13.805 GMT-0800,51.254,51.226000000000006,0.024,0.024
13.11.2023 06:37:14.120 GMT-0800,51.244,51.226000000000006,0.024,0.024
13.11.2023 06:37:14.343 GMT-0800,51.244,51.21600000000001,0.024,0.024
13.11.2023 06:37:14.630 GMT-0800,51.233999999999995,51.21600000000001,0.024,0.024
13.11.2023 06:37:14.786 GMT-0800,51.233999999999995,51.206,0.024,0.024
13.11.2023 06:37:14.836 GMT-0800,51.224,51.206,0.024,0.024
13.11.2023 06:37:14.913 GMT-0800,51.214,51.18600000000001,0.024,0.024
13.11.2023 06:37:15.295 GMT-0800,51.224,51.18600000000001,0.024,0.024
13.11.2023 06:37:15.489 GMT-0800,51.215,51.185,0.024,0.024
13.11.2023 06:37:15.620 GMT-0800,51.224,51.18600000000001,0.024,0.024
13.11.2023 06:37:15.776 GMT-0800,51.214,51.18600000000001,0.024,0.024
13.11.2023 06:37:16.572 GMT-0800,51.204,51.18600000000001,0.024,0.024
13.11.2023 06:37:16.623 GMT-0800,51.193999999999996,51.166000000000004,0.024,0.024
13.11.2023 06:37:16.779 GMT-0800,51.204,51.18600000000001,0.024,0.024
13.11.2023 06:37:16.830 GMT-0800,51.224,51.196000000000005,0.024,0.024
13.11.2023 06:37:19.440 GMT-0800,51.233999999999995,51.206,0.024,0.024
13.11.2023 06:37:19.798 GMT-0800,51.263999999999996,51.226000000000006,0.024,0.024
13.11.2023 06:37:20.044 GMT-0800,51.254,51.226000000000006,0.024,0.024
13.11.2023 06:37:20.221 GMT-0800,51.263999999999996,51.226000000000006,0.024,0.024
13.11.2023 06:37:20.366 GMT-0800,51.254,51.226000000000006,0.024,0.024
13.11.2023 06:37:20.417 GMT-0800,51.254,51.21600000000001,0.024,0.024
13.11.2023 06:37:20.789 GMT-0800,51.263999999999996,51.21600000000001,0.024,0.024
13.11.2023 06:37:21.144 GMT-0800,51.233999999999995,51.196000000000005,0.024,0.024
13.11.2023 06:37:21.359 GMT-0800,51.233999999999995,51.18600000000001,0.024,0.024
13.11.2023 06:37:21.565 GMT-0800,51.233999999999995,51.196000000000005,0.024,0.024
13.11.2023 06:37:21.784 GMT-0800,51.244,51.21600000000001,0.024,0.024
13.11.2023 06:37:21.835 GMT-0800,51.263999999999996,51.226000000000006,0.024,0.024
13.11.2023 06:37:22.451 GMT-0800,51.254,51.21600000000001,0.024,0.024
13.11.2023 06:37:22.787 GMT-0800,51.263999999999996,51.226000000000006,0.024,0.024
13.11.2023 06:37:22.852 GMT-0800,51.263999999999996,51.21600000000001,0.024,0.024
13.11.2023 06:37:22.903 GMT-0800,51.255,51.215,0.024,0.024
13.11.2023 06:37:23.551 GMT-0800,51.263999999999996,51.21600000000001,0.024,0.024
13.11.2023 06:37:23.803 GMT-0800,51.263999999999996,51.226000000000006,0.024,0.024
13.11.2023 06:37:24.347 GMT-0800,51.254,51.21600000000001,0.024,0.024
13.11.2023 06:37:24.798 GMT-0800,51.224,51.206,0.024,0.024
13.11.2023 06:37:24.849 GMT-0800,51.233999999999995,51.196000000000005,0.024,0.024
13.11.2023 06:37:25.834 GMT-0800,51.233999999999995,51.18600000000001,0.024,0.024
13.11.2023 06:37:26.172 GMT-0800,51.244,51.206,0.024,0.024
13.11.2023 06:37:26.557 GMT-0800,51.233999999999995,51.18600000000001,0.024,0.024
13.11.2023 06:37:26.804 GMT-0800,51.244,51.206,0.024,0.024
13.11.2023 06:37:26.960 GMT-0800,51.233999999999995,51.18600000000001,0.024,0.024
13.11.2023 06:37:28.017 GMT-0800,51.224,51.18600000000001,0.024,0.024
13.11.2023 06:37:28.570 GMT-0800,51.215,51.165,0.024,0.024
13.11.2023 06:37:28.621 GMT-0800,51.224,51.18600000000001,0.024,0.024
13.11.2023 06:37:28.888 GMT-0800,51.244,51.18600000000001,0.024,0.024
13.11.2023 06:37:28.939 GMT-0800,51.224,51.18600000000001,0.024,0.024
13.11.2023 06:37:29.151 GMT-0800,51.224,51.196000000000005,0.024,0.024
13.11.2023 06:37:29.357 GMT-0800,51.224,51.18600000000001,0.024,0.024
13.11.2023 06:37:30.725 GMT-0800,51.214,51.166000000000004,0.024,0.024
13.11.2023 06:37:31.045 GMT-0800,51.215,51.175000000000004,0.024,0.024
13.11.2023 06:37:31.229 GMT-0800,51.215,51.165,0.024,0.024
13.11.2023 06:37:31.671 GMT-0800,51.214,51.176,0.024,0.024
13.11.2023 06:37:32.107 GMT-0800,51.214,51.166000000000004,0.024,0.024
13.11.2023 06:37:32.294 GMT-0800,51.214,51.176,0.024,0.024
13.11.2023 06:37:32.345 GMT-0800,51.225,51.175000000000004,0.024,0.024
13.11.2023 06:37:32.425 GMT-0800,51.214,51.176,0.024,0.024
13.11.2023 06:37:32.967 GMT-0800,51.215,51.165,0.024,0.024
13.11.2023 06:37:33.062 GMT-0800,51.193999999999996,51.166000000000004,0.024,0.024
13.11.2023 06:37:33.113 GMT-0800,51.214,51.166000000000004,0.024,0.024
13.11.2023 06:37:33.404 GMT-0800,51.205,51.165,0.024,0.024
13.11.2023 06:37:33.505 GMT-0800,51.193999999999996,51.14600000000001,0.024,0.024
13.11.2023 06:37:33.560 GMT-0800,51.193999999999996,51.156000000000006,0.024,0.024
13.11.2023 06:37:34.224 GMT-0800,51.193999999999996,51.14600000000001,0.024,0.024
13.11.2023 06:37:34.821 GMT-0800,51.193999999999996,51.156000000000006,0.024,0.024
13.11.2023 06:37:34.901 GMT-0800,51.193999999999996,51.14600000000001,0.024,0.024
13.11.2023 06:37:35.630 GMT-0800,51.144,51.126000000000005,0.024,0.024
13.11.2023 06:37:35.682 GMT-0800,51.163999999999994,51.106,0.024,0.024
13.11.2023 06:37:35.736 GMT-0800,51.163999999999994,51.11600000000001,0.024,0.024
13.11.2023 06:37:35.838 GMT-0800,51.144,51.106,0.024,0.024
13.11.2023 06:37:35.939 GMT-0800,51.174,51.14600000000001,0.024,0.024
13.11.2023 06:37:36.040 GMT-0800,51.184,51.14600000000001,0.024,0.024
13.11.2023 06:37:37.572 GMT-0800,51.174,51.136,0.024,0.024
13.11.2023 06:37:37.622 GMT-0800,51.175000000000004,51.125,0.024,0.024
13.11.2023 06:37:37.675 GMT-0800,51.174,51.136,0.024,0.024
13.11.2023 06:37:37.827 GMT-0800,51.184,51.14600000000001,0.024,0.024
13.11.2023 06:37:38.118 GMT-0800,51.174,51.126000000000005,0.024,0.024
13.11.2023 06:37:38.168 GMT-0800,51.174,51.14600000000001,0.024,0.024
13.11.2023 06:37:38.442 GMT-0800,51.184,51.14600000000001,0.024,0.024
13.11.2023 06:37:39.423 GMT-0800,51.153999999999996,51.126000000000005,0.024,0.024
13.11.2023 06:37:39.524 GMT-0800,51.163999999999994,51.126000000000005,0.024,0.024
13.11.2023 06:37:39.720 GMT-0800,51.184,51.136,0.024,0.024
13.11.2023 06:37:39.771 GMT-0800,51.163999999999994,51.126000000000005,0.024,0.024
13.11.2023 06:37:39.905 GMT-0800,51.175000000000004,51.145,0.024,0.024
13.11.2023 06:37:40.457 GMT-0800,51.163999999999994,51.136,0.024,0.024
13.11.2023 06:37:40.684 GMT-0800,51.153999999999996,51.136,0.024,0.024
13.11.2023 06:37:40.826 GMT-0800,51.174,51.14600000000001,0.024,0.024
13.11.2023 06:37:43.487 GMT-0800,51.224,51.196000000000005,0.024,0.024
13.11.2023 06:37:43.538 GMT-0800,51.233999999999995,51.196000000000005,0.024,0.024
13.11.2023 06:37:43.639 GMT-0800,51.224,51.18600000000001,0.024,0.024
13.11.2023 06:37:44.827 GMT-0800,51.244,51.206,0.024,0.024
13.11.2023 06:37:45.004 GMT-0800,51.244,51.196000000000005,0.024,0.024
13.11.2023 06:37:45.269 GMT-0800,51.233999999999995,51.196000000000005,0.024,0.024
13.11.2023 06:37:45.370 GMT-0800,51.244,51.196000000000005,0.024,0.024
13.11.2023 06:37:45.639 GMT-0800,51.224,51.196000000000005,0.024,0.024
13.11.2023 06:37:45.690 GMT-0800,51.244,51.196000000000005,0.024,0.024
13.11.2023 06:37:45.741 GMT-0800,51.233999999999995,51.196000000000005,0.024,0.024
13.11.2023 06:37:45.910 GMT-0800,51.224,51.196000000000005,0.024,0.024
13.11.2023 06:37:46.007 GMT-0800,51.233999999999995,51.196000000000005,0.024,0.024
13.11.2023 06:37:46.058 GMT-0800,51.244,51.196000000000005,0.024,0.024
13.11.2023 06:37:46.108 GMT-0800,51.224,51.196000000000005,0.024,0.024
13.11.2023 06:37:46.630 GMT-0800,51.233999999999995,51.206,0.024,0.024
13.11.2023 06:37:46.881 GMT-0800,51.244,51.206,0.024,0.024
13.11.2023 06:37:46.932 GMT-0800,51.244,51.21600000000001,0.024,0.024
13.11.2023 06:37:46.983 GMT-0800,51.245000000000005,51.205,0.024,0.024
13.11.2023 06:37:49.438 GMT-0800,51.244,51.21600000000001,0.024,0.024
13.11.2023 06:37:49.752 GMT-0800,51.244,51.206,0.024,0.024
13.11.2023 06:37:49.803 GMT-0800,51.244,51.21600000000001,0.024,0.024
13.11.2023 06:37:50.587 GMT-0800,51.233999999999995,51.21600000000001,0.024,0.024
13.11.2023 06:37:50.638 GMT-0800,51.244,51.21600000000001,0.024,0.024
13.11.2023 06:37:50.984 GMT-0800,51.244,51.206,0.024,0.024
13.11.2023 06:37:51.045 GMT-0800,51.244,51.21600000000001,0.024,0.024
13.11.2023 06:37:51.146 GMT-0800,51.233999999999995,51.21600000000001,0.024,0.024
13.11.2023 06:37:51.320 GMT-0800,51.244,51.21600000000001,0.024,0.024
13.11.2023 06:37:51.371 GMT-0800,51.244,51.206,0.024,0.024
13.11.2023 06:37:51.421 GMT-0800,51.244,51.21600000000001,0.024,0.024
13.11.2023 06:37:51.991 GMT-0800,51.244,51.226000000000006,0.024,0.024
13.11.2023 06:37:52.042 GMT-0800,51.244,51.21600000000001,0.024,0.024
13.11.2023 06:37:56.243 GMT-0800,51.224,51.196000000000005,0.024,0.024
13.11.2023 06:37:56.294 GMT-0800,51.204,51.166000000000004,0.024,0.024
13.11.2023 06:37:56.355 GMT-0800,51.204,51.176,0.024,0.024
13.11.2023 06:37:56.406 GMT-0800,51.204,51.166000000000004,0.024,0.024
13.11.2023 06:37:56.524 GMT-0800,51.193999999999996,51.166000000000004,0.024,0.024
13.11.2023 06:37:57.639 GMT-0800,51.184,51.14600000000001,0.024,0.024
13.11.2023 06:37:58.634 GMT-0800,51.184,51.156000000000006,0.024,0.024
13.11.2023 06:37:59.041 GMT-0800,51.184,51.14600000000001,0.024,0.024
13.11.2023 06:37:59.142 GMT-0800,51.184,51.156000000000006,0.024,0.024
13.11.2023 06:37:59.192 GMT-0800,51.193999999999996,51.156000000000006,0.024,0.024
13.11.2023 06:37:59.495 GMT-0800,51.193999999999996,51.166000000000004,0.024,0.024
13.11.2023 06:38:00.309 GMT-0800,51.205,51.165,0.024,0.024
13.11.2023 06:38:00.439 GMT-0800,51.184,51.166000000000004,0.024,0.024
13.11.2023 06:38:00.703 GMT-0800,51.184,51.156000000000006,0.024,0.024
13.11.2023 06:38:03.093 GMT-0800,51.204,51.166000000000004,0.024,0.024
13.11.2023 06:38:03.144 GMT-0800,51.204,51.176,0.024,0.024
13.11.2023 06:38:04.473 GMT-0800,51.205,51.165,0.024,0.024
13.11.2023 06:38:06.818 GMT-0800,51.204,51.176,0.024,0.024
13.11.2023 06:38:06.919 GMT-0800,51.224,51.196000000000005,0.024,0.024
13.11.2023 06:38:06.969 GMT-0800,51.214,51.176,0.024,0.024
13.11.2023 06:38:07.020 GMT-0800,51.214,51.196000000000005,0.024,0.024
13.11.2023 06:38:07.337 GMT-0800,51.224,51.196000000000005,0.024,0.024
13.11.2023 06:38:07.942 GMT-0800,51.224,51.18600000000001,0.024,0.024
13.11.2023 06:38:08.352 GMT-0800,51.224,51.196000000000005,0.024,0.024
13.11.2023 06:38:09.730 GMT-0800,51.224,51.206,0.024,0.024
13.11.2023 06:38:09.850 GMT-0800,51.224,51.196000000000005,0.024,0.024
13.11.2023 06:38:10.632 GMT-0800,51.224,51.18600000000001,0.024,0.024
13.11.2023 06:38:10.682 GMT-0800,51.224,51.206,0.024,0.024
13.11.2023 06:38:10.834 GMT-0800,51.233999999999995,51.206,0.024,0.024
13.11.2023 06:38:10.941 GMT-0800,51.244,51.206,0.024,0.024
13.11.2023 06:38:10.992 GMT-0800,51.244,51.21600000000001,0.024,0.024
13.11.2023 06:38:11.135 GMT-0800,51.233999999999995,51.21600000000001,0.024,0.024
13.11.2023 06:38:11.185 GMT-0800,51.244,51.21600000000001,0.024,0.024
13.11.2023 06:38:11.240 GMT-0800,51.235,51.215,0.024,0.024
13.11.2023 06:38:11.306 GMT-0800,51.235,51.205,0.024,0.024
13.11.2023 06:38:11.545 GMT-0800,51.244,51.206,0.024,0.024
13.11.2023 06:38:12.199 GMT-0800,51.233999999999995,51.206,0.024,0.024
13.11.2023 06:38:12.385 GMT-0800,51.254,51.226000000000006,0.024,0.024
13.11.2023 06:38:12.502 GMT-0800,51.255,51.215,0.024,0.024
13.11.2023 06:38:12.603 GMT-0800,51.263999999999996,51.236000000000004,0.024,0.024
13.11.2023 06:38:13.015 GMT-0800,51.274,51.246,0.024,0.024
13.11.2023 06:38:13.359 GMT-0800,51.263999999999996,51.246,0.024,0.024
13.11.2023 06:38:13.528 GMT-0800,51.274,51.246,0.024,0.024
13.11.2023 06:38:14.906 GMT-0800,51.274,51.25600000000001,0.024,0.024
13.11.2023 06:38:16.582 GMT-0800,51.275,51.245000000000005,0.024,0.024
13.11.2023 06:38:16.633 GMT-0800,51.263999999999996,51.236000000000004,0.024,0.024
13.11.2023 06:38:17.572 GMT-0800,51.263999999999996,51.246,0.024,0.024
13.11.2023 06:38:18.361 GMT-0800,51.274,51.25600000000001,0.024,0.024
13.11.2023 06:38:18.412 GMT-0800,51.274,51.246,0.024,0.024
13.11.2023 06:38:18.973 GMT-0800,51.284,51.25600000000001,0.024,0.024
13.11.2023 06:38:19.301 GMT-0800,51.294,51.25600000000001,0.024,0.024
13.11.2023 06:38:19.651 GMT-0800,51.294,51.246,0.024,0.024
13.11.2023 06:38:19.711 GMT-0800,51.303999999999995,51.246,0.024,0.024
13.11.2023 06:38:19.762 GMT-0800,51.294,51.246,0.024,0.024
13.11.2023 06:38:19.940 GMT-0800,51.303999999999995,51.246,0.024,0.024
13.11.2023 06:38:20.028 GMT-0800,51.294,51.246,0.024,0.024
13.11.2023 06:38:20.447 GMT-0800,51.285000000000004,51.245000000000005,0.024,0.024
13.11.2023 06:38:20.554 GMT-0800,51.284,51.266000000000005,0.024,0.024
13.11.2023 06:38:20.693 GMT-0800,51.294,51.266000000000005,0.024,0.024
13.11.2023 06:38:20.948 GMT-0800,51.305,51.275,0.024,0.024
13.11.2023 06:38:21.077 GMT-0800,51.324,51.276,0.024,0.024
13.11.2023 06:38:21.155 GMT-0800,51.303999999999995,51.276,0.024,0.024
13.11.2023 06:38:21.754 GMT-0800,51.294,51.266000000000005,0.024,0.024
13.11.2023 06:38:21.855 GMT-0800,51.303999999999995,51.266000000000005,0.024,0.024
13.11.2023 06:38:22.503 GMT-0800,51.295,51.265,0.024,0.024
13.11.2023 06:38:22.554 GMT-0800,51.303999999999995,51.266000000000005,0.024,0.024
13.11.2023 06:38:23.056 GMT-0800,51.305,51.275,0.024,0.024
13.11.2023 06:38:23.108 GMT-0800,51.324,51.276,0.024,0.024
13.11.2023 06:38:23.347 GMT-0800,51.303999999999995,51.276,0.024,0.024
13.11.2023 06:38:23.916 GMT-0800,51.324,51.276,0.024,0.024
13.11.2023 06:38:24.222 GMT-0800,51.324,51.286,0.024,0.024
13.11.2023 06:38:24.347 GMT-0800,51.314,51.286,0.024,0.024
13.11.2023 06:38:24.567 GMT-0800,51.324,51.286,0.024,0.024
13.11.2023 06:38:24.683 GMT-0800,51.314,51.286,0.024,0.024
13.11.2023 06:38:24.833 GMT-0800,51.333999999999996,51.306000000000004,0.024,0.024
13.11.2023 06:38:26.069 GMT-0800,51.343999999999994,51.316,0.024,0.024
13.11.2023 06:38:26.396 GMT-0800,51.354,51.316,0.024,0.024
13.11.2023 06:38:26.497 GMT-0800,51.364,51.336000000000006,0.024,0.024
13.11.2023 06:38:26.734 GMT-0800,51.384,51.356,0.024,0.024
13.11.2023 06:38:26.942 GMT-0800,51.384,51.36600000000001,0.024,0.024
13.11.2023 06:38:26.992 GMT-0800,51.394,51.36600000000001,0.024,0.024
13.11.2023 06:38:27.569 GMT-0800,51.384,51.356,0.024,0.024
13.11.2023 06:38:27.671 GMT-0800,51.373999999999995,51.346000000000004,0.024,0.024
13.11.2023 06:38:28.048 GMT-0800,51.394,51.36600000000001,0.024,0.024
13.11.2023 06:38:28.099 GMT-0800,51.405,51.365,0.024,0.024
13.11.2023 06:38:28.819 GMT-0800,51.403999999999996,51.376000000000005,0.024,0.024
13.11.2023 06:38:29.657 GMT-0800,51.434,51.376000000000005,0.024,0.024
13.11.2023 06:38:29.772 GMT-0800,51.434,51.39600000000001,0.024,0.024
13.11.2023 06:38:29.823 GMT-0800,51.424,51.376000000000005,0.024,0.024
13.11.2023 06:38:29.895 GMT-0800,51.424,51.386,0.024,0.024
13.11.2023 06:38:30.099 GMT-0800,51.424,51.376000000000005,0.024,0.024
13.11.2023 06:38:30.149 GMT-0800,51.435,51.385,0.024,0.024
13.11.2023 06:38:30.754 GMT-0800,51.413999999999994,51.386,0.024,0.024
13.11.2023 06:38:30.804 GMT-0800,51.434,51.39600000000001,0.024,0.024
13.11.2023 06:38:30.862 GMT-0800,51.434,51.386,0.024,0.024
13.11.2023 06:38:30.979 GMT-0800,51.424,51.386,0.024,0.024
13.11.2023 06:38:31.315 GMT-0800,51.434,51.386,0.024,0.024
13.11.2023 06:38:31.533 GMT-0800,51.434,51.406000000000006,0.024,0.024
13.11.2023 06:38:31.634 GMT-0800,51.434,51.39600000000001,0.024,0.024
13.11.2023 06:38:31.803 GMT-0800,51.435,51.405,0.024,0.024
13.11.2023 06:38:31.853 GMT-0800,51.434,51.39600000000001,0.024,0.024
13.11.2023 06:38:32.265 GMT-0800,51.443999999999996,51.406000000000006,0.024,0.024
13.11.2023 06:38:32.566 GMT-0800,51.445,51.415,0.024,0.024
13.11.2023 06:38:33.366 GMT-0800,51.455,51.415,0.024,0.024
13.11.2023 06:38:33.468 GMT-0800,51.443999999999996,51.416000000000004,0.024,0.024
13.11.2023 06:38:33.519 GMT-0800,51.464,51.426,0.024,0.024
13.11.2023 06:38:33.611 GMT-0800,51.464,51.416000000000004,0.024,0.024
13.11.2023 06:38:33.815 GMT-0800,51.464,51.426,0.024,0.024
13.11.2023 06:38:33.994 GMT-0800,51.464,51.43600000000001,0.024,0.024
13.11.2023 06:38:34.341 GMT-0800,51.464,51.426,0.024,0.024
13.11.2023 06:38:34.442 GMT-0800,51.464,51.43600000000001,0.024,0.024
13.11.2023 06:38:34.867 GMT-0800,51.464,51.426,0.024,0.024
13.11.2023 06:38:34.918 GMT-0800,51.494,51.426,0.024,0.024
13.11.2023 06:38:34.969 GMT-0800,51.483999999999995,51.446000000000005,0.024,0.024
13.11.2023 06:38:35.341 GMT-0800,51.483999999999995,51.426,0.024,0.024
13.11.2023 06:38:35.392 GMT-0800,51.465,51.425000000000004,0.024,0.024
13.11.2023 06:38:37.861 GMT-0800,51.454,51.426,0.024,0.024
13.11.2023 06:38:38.243 GMT-0800,51.464,51.426,0.024,0.024
13.11.2023 06:38:38.631 GMT-0800,51.443999999999996,51.416000000000004,0.024,0.024
13.11.2023 06:38:38.865 GMT-0800,51.443999999999996,51.426,0.024,0.024
13.11.2023 06:38:39.028 GMT-0800,51.434,51.416000000000004,0.024,0.024
13.11.2023 06:38:39.078 GMT-0800,51.424,51.39600000000001,0.024,0.024
13.11.2023 06:38:39.129 GMT-0800,51.413999999999994,51.386,0.024,0.024
13.11.2023 06:38:39.179 GMT-0800,51.413999999999994,51.376000000000005,0.024,0.024
13.11.2023 06:38:39.230 GMT-0800,51.424,51.386,0.024,0.024
13.11.2023 06:38:39.378 GMT-0800,51.415,51.395,0.024,0.024
13.11.2023 06:38:39.624 GMT-0800,51.415,51.385,0.024,0.024
13.11.2023 06:38:39.709 GMT-0800,51.413999999999994,51.39600000000001,0.024,0.024
13.11.2023 06:38:39.853 GMT-0800,51.413999999999994,51.386,0.024,0.024
13.11.2023 06:38:40.018 GMT-0800,51.415,51.395,0.024,0.024
13.11.2023 06:38:41.349 GMT-0800,51.413999999999994,51.376000000000005,0.024,0.024
13.11.2023 06:38:41.400 GMT-0800,51.405,51.375,0.024,0.024
13.11.2023 06:38:41.451 GMT-0800,51.413999999999994,51.376000000000005,0.024,0.024
13.11.2023 06:38:41.501 GMT-0800,51.403999999999996,51.376000000000005,0.024,0.024
13.11.2023 06:38:41.735 GMT-0800,51.413999999999994,51.376000000000005,0.024,0.024
13.11.2023 06:38:41.836 GMT-0800,51.413999999999994,51.386,0.024,0.024
13.11.2023 06:38:42.350 GMT-0800,51.413999999999994,51.376000000000005,0.024,0.024
13.11.2023 06:38:44.113 GMT-0800,51.403999999999996,51.376000000000005,0.024,0.024
13.11.2023 06:38:44.824 GMT-0800,51.385,51.345,0.024,0.024
13.11.2023 06:38:44.874 GMT-0800,51.373999999999995,51.346000000000004,0.024,0.024
13.11.2023 06:38:44.991 GMT-0800,51.403999999999996,51.36600000000001,0.024,0.024
13.11.2023 06:38:45.146 GMT-0800,51.403999999999996,51.376000000000005,0.024,0.024
13.11.2023 06:38:45.594 GMT-0800,51.394,51.346000000000004,0.024,0.024
13.11.2023 06:38:45.645 GMT-0800,51.394,51.356,0.024,0.024
13.11.2023 06:38:45.746 GMT-0800,51.405,51.365,0.024,0.024
13.11.2023 06:38:45.897 GMT-0800,51.394,51.356,0.024,0.024
13.11.2023 06:38:45.998 GMT-0800,51.403999999999996,51.36600000000001,0.024,0.024
13.11.2023 06:38:48.896 GMT-0800,51.394,51.36600000000001,0.024,0.024
13.11.2023 06:38:49.582 GMT-0800,51.403999999999996,51.36600000000001,0.024,0.024
13.11.2023 06:38:51.733 GMT-0800,51.384,51.346000000000004,0.024,0.024
13.11.2023 06:38:51.783 GMT-0800,51.384,51.32600000000001,0.024,0.024
13.11.2023 06:38:51.839 GMT-0800,51.384,51.336000000000006,0.024,0.024
13.11.2023 06:38:51.949 GMT-0800,51.375,51.335,0.024,0.024
13.11.2023 06:38:52.360 GMT-0800,51.355000000000004,51.335,0.024,0.024
13.11.2023 06:38:52.608 GMT-0800,51.385,51.345,0.024,0.024
13.11.2023 06:38:52.838 GMT-0800,51.384,51.36600000000001,0.024,0.024
13.11.2023 06:38:52.889 GMT-0800,51.385,51.345,0.024,0.024
13.11.2023 06:38:53.783 GMT-0800,51.384,51.356,0.024,0.024
13.11.2023 06:38:53.970 GMT-0800,51.403999999999996,51.376000000000005,0.024,0.024
13.11.2023 06:38:54.267 GMT-0800,51.395,51.375,0.024,0.024
13.11.2023 06:38:55.233 GMT-0800,51.405,51.375,0.024,0.024
13.11.2023 06:38:55.959 GMT-0800,51.384,51.346000000000004,0.024,0.024
13.11.2023 06:38:56.013 GMT-0800,51.394,51.346000000000004,0.024,0.024
13.11.2023 06:38:56.114 GMT-0800,51.394,51.376000000000005,0.024,0.024
13.11.2023 06:38:56.165 GMT-0800,51.394,51.36600000000001,0.024,0.024
13.11.2023 06:38:56.264 GMT-0800,51.394,51.376000000000005,0.024,0.024
13.11.2023 06:38:56.369 GMT-0800,51.394,51.36600000000001,0.024,0.024
13.11.2023 06:38:56.646 GMT-0800,51.394,51.356,0.024,0.024
13.11.2023 06:38:56.803 GMT-0800,51.384,51.356,0.024,0.024
13.11.2023 06:38:57.632 GMT-0800,51.394,51.356,0.024,0.024
13.11.2023 06:38:58.567 GMT-0800,51.384,51.356,0.024,0.024
13.11.2023 06:38:58.985 GMT-0800,51.394,51.356,0.024,0.024
13.11.2023 06:38:59.053 GMT-0800,51.394,51.36600000000001,0.024,0.024
13.11.2023 06:38:59.192 GMT-0800,51.394,51.356,0.024,0.024
13.11.2023 06:39:04.397 GMT-0800,51.384,51.356,0.024,0.024
13.11.2023 06:39:05.304 GMT-0800,51.373999999999995,51.336000000000006,0.024,0.024
13.11.2023 06:39:05.354 GMT-0800,51.364,51.32600000000001,0.024,0.024
13.11.2023 06:39:05.482 GMT-0800,51.354,51.32600000000001,0.024,0.024
13.11.2023 06:39:05.731 GMT-0800,51.364,51.32600000000001,0.024,0.024
13.11.2023 06:39:05.781 GMT-0800,51.364,51.336000000000006,0.024,0.024
13.11.2023 06:39:05.871 GMT-0800,51.373999999999995,51.336000000000006,0.024,0.024
13.11.2023 06:39:05.923 GMT-0800,51.373999999999995,51.346000000000004,0.024,0.024
13.11.2023 06:39:05.974 GMT-0800,51.373999999999995,51.336000000000006,0.024,0.024
13.11.2023 06:39:06.137 GMT-0800,51.384,51.356,0.024,0.024
13.11.2023 06:39:08.029 GMT-0800,51.375,51.355000000000004,0.024,0.024
13.11.2023 06:39:09.592 GMT-0800,51.364,51.346000000000004,0.024,0.024
13.11.2023 06:39:09.657 GMT-0800,51.373999999999995,51.346000000000004,0.024,0.024
13.11.2023 06:39:09.994 GMT-0800,51.354,51.32600000000001,0.024,0.024
13.11.2023 06:39:10.044 GMT-0800,51.373999999999995,51.336000000000006,0.024,0.024
13.11.2023 06:39:10.095 GMT-0800,51.375,51.325,0.024,0.024
13.11.2023 06:39:10.264 GMT-0800,51.354,51.32600000000001,0.024,0.024
13.11.2023 06:39:12.584 GMT-0800,51.373999999999995,51.32600000000001,0.024,0.024
13.11.2023 06:39:12.634 GMT-0800,51.354,51.32600000000001,0.024,0.024
13.11.2023 06:39:14.879 GMT-0800,51.354,51.336000000000006,0.024,0.024
13.11.2023 06:39:14.946 GMT-0800,51.354,51.32600000000001,0.024,0.024
13.11.2023 06:39:15.785 GMT-0800,51.343999999999994,51.316,0.024,0.024
13.11.2023 06:39:15.835 GMT-0800,51.333999999999996,51.29600000000001,0.024,0.024
13.11.2023 06:39:15.998 GMT-0800,51.324,51.29600000000001,0.024,0.024
13.11.2023 06:39:16.048 GMT-0800,51.333999999999996,51.29600000000001,0.024,0.024
13.11.2023 06:39:17.679 GMT-0800,51.324,51.29600000000001,0.024,0.024
13.11.2023 06:39:17.975 GMT-0800,51.333999999999996,51.29600000000001,0.024,0.024
13.11.2023 06:39:18.085 GMT-0800,51.314,51.29600000000001,0.024,0.024
13.11.2023 06:39:18.960 GMT-0800,51.303999999999995,51.286,0.024,0.024
13.11.2023 06:39:19.011 GMT-0800,51.314,51.286,0.024,0.024
13.11.2023 06:39:19.325 GMT-0800,51.314,51.276,0.024,0.024
13.11.2023 06:39:20.280 GMT-0800,51.303999999999995,51.276,0.024,0.024
13.11.2023 06:39:20.713 GMT-0800,51.295,51.265,0.024,0.024
13.11.2023 06:39:21.239 GMT-0800,51.284,51.246,0.024,0.024
13.11.2023 06:39:21.367 GMT-0800,51.284,51.25600000000001,0.024,0.024
13.11.2023 06:39:21.691 GMT-0800,51.285000000000004,51.235,0.024,0.024
13.11.2023 06:39:21.986 GMT-0800,51.263999999999996,51.236000000000004,0.024,0.024
13.11.2023 06:39:22.420 GMT-0800,51.254,51.236000000000004,0.024,0.024
13.11.2023 06:39:22.712 GMT-0800,51.254,51.226000000000006,0.024,0.024
13.11.2023 06:39:23.543 GMT-0800,51.274,51.236000000000004,0.024,0.024
13.11.2023 06:39:23.766 GMT-0800,51.263999999999996,51.236000000000004,0.024,0.024
13.11.2023 06:39:24.377 GMT-0800,51.263999999999996,51.226000000000006,0.024,0.024
13.11.2023 06:39:24.539 GMT-0800,51.263999999999996,51.246,0.024,0.024
13.11.2023 06:39:24.640 GMT-0800,51.263999999999996,51.226000000000006,0.024,0.024
13.11.2023 06:39:25.245 GMT-0800,51.263999999999996,51.236000000000004,0.024,0.024
13.11.2023 06:39:25.348 GMT-0800,51.263999999999996,51.226000000000006,0.024,0.024
13.11.2023 06:39:25.399 GMT-0800,51.274,51.236000000000004,0.024,0.024
13.11.2023 06:39:26.983 GMT-0800,51.284,51.236000000000004,0.024,0.024
13.11.2023 06:39:27.346 GMT-0800,51.284,51.25600000000001,0.024,0.024
13.11.2023 06:39:27.397 GMT-0800,51.274,51.226000000000006,0.024,0.024
13.11.2023 06:39:27.448 GMT-0800,51.263999999999996,51.226000000000006,0.024,0.024
13.11.2023 06:39:27.498 GMT-0800,51.274,51.226000000000006,0.024,0.024
13.11.2023 06:39:27.670 GMT-0800,51.254,51.226000000000006,0.024,0.024
13.11.2023 06:39:27.771 GMT-0800,51.274,51.246,0.024,0.024
13.11.2023 06:39:28.008 GMT-0800,51.284,51.246,0.024,0.024
13.11.2023 06:39:28.114 GMT-0800,51.274,51.246,0.024,0.024
13.11.2023 06:39:28.218 GMT-0800,51.274,51.226000000000006,0.024,0.024
13.11.2023 06:39:28.268 GMT-0800,51.274,51.246,0.024,0.024
13.11.2023 06:39:28.408 GMT-0800,51.274,51.226000000000006,0.024,0.024
13.11.2023 06:39:28.458 GMT-0800,51.263999999999996,51.236000000000004,0.024,0.024
13.11.2023 06:39:28.683 GMT-0800,51.274,51.236000000000004,0.024,0.024
13.11.2023 06:39:29.923 GMT-0800,51.274,51.246,0.024,0.024
13.11.2023 06:39:30.256 GMT-0800,51.274,51.236000000000004,0.024,0.024
13.11.2023 06:39:30.592 GMT-0800,51.254,51.236000000000004,0.024,0.024
13.11.2023 06:39:31.156 GMT-0800,51.244,51.206,0.024,0.024
13.11.2023 06:39:31.207 GMT-0800,51.263999999999996,51.236000000000004,0.024,0.024
13.11.2023 06:39:31.313 GMT-0800,51.265,51.225,0.024,0.024
13.11.2023 06:39:31.363 GMT-0800,51.254,51.226000000000006,0.024,0.024
13.11.2023 06:39:31.547 GMT-0800,51.274,51.246,0.024,0.024
13.11.2023 06:39:33.290 GMT-0800,51.284,51.246,0.024,0.024
13.11.2023 06:39:33.426 GMT-0800,51.285000000000004,51.255,0.024,0.024
13.11.2023 06:39:33.533 GMT-0800,51.303999999999995,51.266000000000005,0.024,0.024
13.11.2023 06:39:33.584 GMT-0800,51.294,51.266000000000005,0.024,0.024
13.11.2023 06:39:33.634 GMT-0800,51.303999999999995,51.266000000000005,0.024,0.024
13.11.2023 06:39:33.716 GMT-0800,51.294,51.266000000000005,0.024,0.024
13.11.2023 06:39:33.900 GMT-0800,51.274,51.25600000000001,0.024,0.024
13.11.2023 06:39:33.950 GMT-0800,51.284,51.25600000000001,0.024,0.024
13.11.2023 06:39:34.001 GMT-0800,51.294,51.25600000000001,0.024,0.024
13.11.2023 06:39:34.270 GMT-0800,51.274,51.246,0.024,0.024
13.11.2023 06:39:34.321 GMT-0800,51.295,51.245000000000005,0.024,0.024
13.11.2023 06:39:36.499 GMT-0800,51.303999999999995,51.266000000000005,0.024,0.024
13.11.2023 06:39:36.641 GMT-0800,51.294,51.25600000000001,0.024,0.024
13.11.2023 06:39:36.807 GMT-0800,51.284,51.25600000000001,0.024,0.024
13.11.2023 06:39:36.858 GMT-0800,51.294,51.25600000000001,0.024,0.024
13.11.2023 06:39:38.070 GMT-0800,51.303999999999995,51.266000000000005,0.024,0.024
13.11.2023 06:39:38.171 GMT-0800,51.303999999999995,51.276,0.024,0.024
13.11.2023 06:39:38.335 GMT-0800,51.294,51.276,0.024,0.024
13.11.2023 06:39:38.385 GMT-0800,51.303999999999995,51.276,0.024,0.024
13.11.2023 06:39:38.839 GMT-0800,51.314,51.286,0.024,0.024
13.11.2023 06:39:38.940 GMT-0800,51.324,51.286,0.024,0.024
13.11.2023 06:39:39.091 GMT-0800,51.314,51.286,0.024,0.024
13.11.2023 06:39:39.606 GMT-0800,51.303999999999995,51.286,0.024,0.024
13.11.2023 06:39:39.657 GMT-0800,51.314,51.286,0.024,0.024
13.11.2023 06:39:40.075 GMT-0800,51.294,51.25600000000001,0.024,0.024
13.11.2023 06:39:40.126 GMT-0800,51.294,51.266000000000005,0.024,0.024
13.11.2023 06:39:40.659 GMT-0800,51.285000000000004,51.255,0.024,0.024
13.11.2023 06:39:40.710 GMT-0800,51.284,51.246,0.024,0.024
13.11.2023 06:39:40.776 GMT-0800,51.274,51.246,0.024,0.024
13.11.2023 06:39:40.827 GMT-0800,51.284,51.246,0.024,0.024
13.11.2023 06:39:41.039 GMT-0800,51.274,51.246,0.024,0.024
13.11.2023 06:39:41.696 GMT-0800,51.263999999999996,51.236000000000004,0.024,0.024
13.11.2023 06:39:41.747 GMT-0800,51.274,51.236000000000004,0.024,0.024
13.11.2023 06:39:42.624 GMT-0800,51.274,51.246,0.024,0.024
13.11.2023 06:39:42.761 GMT-0800,51.274,51.236000000000004,0.024,0.024
13.11.2023 06:39:43.828 GMT-0800,51.274,51.246,0.024,0.024
13.11.2023 06:39:44.037 GMT-0800,51.263999999999996,51.236000000000004,0.024,0.024
13.11.2023 06:39:45.707 GMT-0800,51.274,51.25600000000001,0.024,0.024
13.11.2023 06:39:45.758 GMT-0800,51.284,51.246,0.024,0.024
13.11.2023 06:39:45.812 GMT-0800,51.275,51.245000000000005,0.024,0.024
13.11.2023 06:39:46.038 GMT-0800,51.274,51.236000000000004,0.024,0.024
13.11.2023 06:39:47.057 GMT-0800,51.294,51.266000000000005,0.024,0.024
13.11.2023 06:39:47.108 GMT-0800,51.294,51.25600000000001,0.024,0.024
13.11.2023 06:39:48.334 GMT-0800,51.294,51.266000000000005,0.024,0.024
13.11.2023 06:39:49.791 GMT-0800,51.284,51.266000000000005,0.024,0.024
13.11.2023 06:39:49.842 GMT-0800,51.284,51.246,0.024,0.024
13.11.2023 06:39:52.369 GMT-0800,51.263999999999996,51.246,0.024,0.024
13.11.2023 06:39:52.637 GMT-0800,51.284,51.246,0.024,0.024
13.11.2023 06:39:52.688 GMT-0800,51.284,51.25600000000001,0.024,0.024
13.11.2023 06:39:52.979 GMT-0800,51.284,51.246,0.024,0.024
13.11.2023 06:39:54.028 GMT-0800,51.263999999999996,51.246,0.024,0.024
13.11.2023 06:39:54.079 GMT-0800,51.284,51.246,0.024,0.024
13.11.2023 06:39:54.670 GMT-0800,51.263999999999996,51.236000000000004,0.024,0.024
13.11.2023 06:39:54.720 GMT-0800,51.284,51.236000000000004,0.024,0.024
13.11.2023 06:39:54.924 GMT-0800,51.274,51.236000000000004,0.024,0.024
13.11.2023 06:39:55.073 GMT-0800,51.263999999999996,51.236000000000004,0.024,0.024
13.11.2023 06:39:55.124 GMT-0800,51.274,51.236000000000004,0.024,0.024
13.11.2023 06:39:55.542 GMT-0800,51.284,51.246,0.024,0.024
13.11.2023 06:39:56.126 GMT-0800,51.285000000000004,51.235,0.024,0.024
13.11.2023 06:39:56.176 GMT-0800,51.284,51.246,0.024,0.024
13.11.2023 06:39:56.386 GMT-0800,51.263999999999996,51.236000000000004,0.024,0.024
13.11.2023 06:39:56.441 GMT-0800,51.285000000000004,51.235,0.024,0.024
13.11.2023 06:39:56.764 GMT-0800,51.284,51.246,0.024,0.024
13.11.2023 06:39:57.800 GMT-0800,51.254,51.226000000000006,0.024,0.024
13.11.2023 06:39:57.901 GMT-0800,51.263999999999996,51.226000000000006,0.024,0.024
13.11.2023 06:39:58.089 GMT-0800,51.254,51.226000000000006,0.024,0.024
13.11.2023 06:39:58.190 GMT-0800,51.263999999999996,51.226000000000006,0.024,0.024
13.11.2023 06:39:58.560 GMT-0800,51.263999999999996,51.236000000000004,0.024,0.024
13.11.2023 06:39:58.611 GMT-0800,51.263999999999996,51.226000000000006,0.024,0.024
13.11.2023 06:39:58.689 GMT-0800,51.263999999999996,51.236000000000004,0.024,0.024
13.11.2023 06:39:58.823 GMT-0800,51.263999999999996,51.226000000000006,0.024,0.024
13.11.2023 06:39:59.870 GMT-0800,51.254,51.226000000000006,0.024,0.024
13.11.2023 06:39:59.939 GMT-0800,51.263999999999996,51.226000000000006,0.024,0.024
13.11.2023 06:40:00.278 GMT-0800,51.254,51.236000000000004,0.024,0.024
13.11.2023 06:40:00.329 GMT-0800,51.263999999999996,51.236000000000004,0.024,0.024
13.11.2023 06:40:00.693 GMT-0800,51.263999999999996,51.226000000000006,0.024,0.024
13.11.2023 06:40:02.467 GMT-0800,51.285000000000004,51.245000000000005,0.024,0.024
13.11.2023 06:40:02.572 GMT-0800,51.263999999999996,51.246,0.024,0.024
13.11.2023 06:40:02.745 GMT-0800,51.254,51.236000000000004,0.024,0.024
13.11.2023 06:40:02.796 GMT-0800,51.284,51.25600000000001,0.024,0.024
13.11.2023 06:40:02.933 GMT-0800,51.263999999999996,51.236000000000004,0.024,0.024
13.11.2023 06:40:02.983 GMT-0800,51.284,51.246,0.024,0.024
13.11.2023 06:40:03.039 GMT-0800,51.285000000000004,51.235,0.024,0.024
13.11.2023 06:40:03.090 GMT-0800,51.263999999999996,51.236000000000004,0.024,0.024
13.11.2023 06:40:03.282 GMT-0800,51.255,51.225,0.024,0.024
13.11.2023 06:40:03.332 GMT-0800,51.265,51.225,0.024,0.024
13.11.2023 06:40:04.018 GMT-0800,51.254,51.226000000000006,0.024,0.024
13.11.2023 06:40:04.188 GMT-0800,51.233999999999995,51.206,0.024,0.024
13.11.2023 06:40:04.419 GMT-0800,51.224,51.196000000000005,0.024,0.024
13.11.2023 06:40:04.521 GMT-0800,51.244,51.21600000000001,0.024,0.024
13.11.2023 06:40:04.622 GMT-0800,51.244,51.206,0.024,0.024
13.11.2023 06:40:04.673 GMT-0800,51.254,51.226000000000006,0.024,0.024
13.11.2023 06:40:04.925 GMT-0800,51.245000000000005,51.215,0.024,0.024
13.11.2023 06:40:04.976 GMT-0800,51.254,51.21600000000001,0.024,0.024
13.11.2023 06:40:05.105 GMT-0800,51.233999999999995,51.21600000000001,0.024,0.024
13.11.2023 06:40:05.310 GMT-0800,51.254,51.21600000000001,0.024,0.024
13.11.2023 06:40:05.361 GMT-0800,51.254,51.206,0.024,0.024
13.11.2023 06:40:05.411 GMT-0800,51.224,51.18600000000001,0.024,0.024
13.11.2023 06:40:05.512 GMT-0800,51.233999999999995,51.196000000000005,0.024,0.024
13.11.2023 06:40:05.613 GMT-0800,51.224,51.206,0.024,0.024
13.11.2023 06:40:05.664 GMT-0800,51.233999999999995,51.206,0.024,0.024
13.11.2023 06:40:06.047 GMT-0800,51.224,51.196000000000005,0.024,0.024
13.11.2023 06:40:06.097 GMT-0800,51.233999999999995,51.196000000000005,0.024,0.024
13.11.2023 06:40:06.204 GMT-0800,51.233999999999995,51.206,0.024,0.024
13.11.2023 06:40:06.418 GMT-0800,51.224,51.196000000000005,0.024,0.024
13.11.2023 06:40:06.574 GMT-0800,51.233999999999995,51.21600000000001,0.024,0.024
13.11.2023 06:40:06.624 GMT-0800,51.233999999999995,51.206,0.024,0.024
13.11.2023 06:40:06.768 GMT-0800,51.233999999999995,51.196000000000005,0.024,0.024
13.11.2023 06:40:07.586 GMT-0800,51.233999999999995,51.206,0.024,0.024
13.11.2023 06:40:08.070 GMT-0800,51.254,51.21600000000001,0.024,0.024
13.11.2023 06:40:08.327 GMT-0800,51.254,51.226000000000006,0.024,0.024
13.11.2023 06:40:08.377 GMT-0800,51.254,51.21600000000001,0.024,0.024
13.11.2023 06:40:08.428 GMT-0800,51.244,51.21600000000001,0.024,0.024
13.11.2023 06:40:08.495 GMT-0800,51.254,51.21600000000001,0.024,0.024
13.11.2023 06:40:09.785 GMT-0800,51.244,51.21600000000001,0.024,0.024
13.11.2023 06:40:10.595 GMT-0800,51.244,51.206,0.024,0.024
13.11.2023 06:40:10.734 GMT-0800,51.215,51.195,0.024,0.024
13.11.2023 06:40:10.785 GMT-0800,51.224,51.196000000000005,0.024,0.024
13.11.2023 06:40:11.150 GMT-0800,51.224,51.18600000000001,0.024,0.024
13.11.2023 06:40:11.527 GMT-0800,51.215,51.185,0.024,0.024
13.11.2023 06:40:11.916 GMT-0800,51.204,51.176,0.024,0.024
13.11.2023 06:40:12.591 GMT-0800,51.215,51.195,0.024,0.024
13.11.2023 06:40:12.641 GMT-0800,51.224,51.196000000000005,0.024,0.024
13.11.2023 06:40:12.692 GMT-0800,51.244,51.196000000000005,0.024,0.024
13.11.2023 06:40:13.251 GMT-0800,51.233999999999995,51.196000000000005,0.024,0.024
13.11.2023 06:40:13.368 GMT-0800,51.225,51.195,0.024,0.024
13.11.2023 06:40:13.514 GMT-0800,51.224,51.18600000000001,0.024,0.024
13.11.2023 06:40:13.588 GMT-0800,51.245000000000005,51.195,0.024,0.024
13.11.2023 06:40:13.638 GMT-0800,51.224,51.18600000000001,0.024,0.024
13.11.2023 06:40:15.058 GMT-0800,51.244,51.196000000000005,0.024,0.024
13.11.2023 06:40:15.109 GMT-0800,51.254,51.21600000000001,0.024,0.024
13.11.2023 06:40:15.873 GMT-0800,51.244,51.21600000000001,0.024,0.024
13.11.2023 06:40:16.324 GMT-0800,51.254,51.21600000000001,0.024,0.024
13.11.2023 06:40:16.602 GMT-0800,51.255,51.225,0.024,0.024
13.11.2023 06:40:16.703 GMT-0800,51.244,51.21600000000001,0.024,0.024
13.11.2023 06:40:17.808 GMT-0800,51.244,51.226000000000006,0.024,0.024
13.11.2023 06:40:18.065 GMT-0800,51.263999999999996,51.236000000000004,0.024,0.024
13.11.2023 06:40:18.116 GMT-0800,51.254,51.226000000000006,0.024,0.024
13.11.2023 06:40:18.200 GMT-0800,51.254,51.21600000000001,0.024,0.024
13.11.2023 06:40:19.155 GMT-0800,51.263999999999996,51.246,0.024,0.024
13.11.2023 06:40:19.205 GMT-0800,51.244,51.226000000000006,0.024,0.024
13.11.2023 06:40:19.256 GMT-0800,51.254,51.21600000000001,0.024,0.024
13.11.2023 06:40:19.616 GMT-0800,51.254,51.226000000000006,0.024,0.024
13.11.2023 06:40:19.677 GMT-0800,51.254,51.21600000000001,0.024,0.024
13.11.2023 06:40:19.742 GMT-0800,51.254,51.226000000000006,0.024,0.024
13.11.2023 06:40:20.011 GMT-0800,51.263999999999996,51.226000000000006,0.024,0.024
13.11.2023 06:40:20.402 GMT-0800,51.263999999999996,51.236000000000004,0.024,0.024
13.11.2023 06:40:21.420 GMT-0800,51.244,51.21600000000001,0.024,0.024
13.11.2023 06:40:21.471 GMT-0800,51.254,51.21600000000001,0.024,0.024
13.11.2023 06:40:21.642 GMT-0800,51.254,51.226000000000006,0.024,0.024
13.11.2023 06:40:21.864 GMT-0800,51.254,51.21600000000001,0.024,0.024
13.11.2023 06:40:22.606 GMT-0800,51.254,51.226000000000006,0.024,0.024
13.11.2023 06:40:22.837 GMT-0800,51.254,51.21600000000001,0.024,0.024
13.11.2023 06:40:25.062 GMT-0800,51.254,51.236000000000004,0.024,0.024
13.11.2023 06:40:25.719 GMT-0800,51.244,51.226000000000006,0.024,0.024
