Local time,Ask,Bid,AskVolume,BidVolume
13.11.2023 06:30:00.338 GMT-0800,62.118,61.211999999999996,0.024,0.009
13.11.2023 06:30:00.390 GMT-0800,62.118,61.202,0.024,0.024
13.11.2023 06:30:01.108 GMT-0800,62.118,61.202,0.024,0.022
13.11.2023 06:30:01.895 GMT-0800,62.119,61.45100000000001,0.024,0.009
13.11.2023 06:30:01.993 GMT-0800,62.118,61.442,0.024,0.024
13.11.2023 06:30:02.148 GMT-0800,62.118,61.442,0.024,0.022
13.11.2023 06:30:02.341 GMT-0800,62.118,61.632,0.022,0.009
13.11.2023 06:30:02.924 GMT-0800,62.048,61.632,0.009,0.009
13.11.2023 06:30:03.025 GMT-0800,62.048,61.442,0.024,0.024
13.11.2023 06:30:03.077 GMT-0800,62.048,61.452,0.024,0.024
13.11.2023 06:30:03.128 GMT-0800,62.049,61.441,0.024,0.024
13.11.2023 06:30:03.622 GMT-0800,62.048,61.452,0.024,0.009
13.11.2023 06:30:03.769 GMT-0800,62.048,61.442,0.024,0.024
13.11.2023 06:30:04.411 GMT-0800,62.048,61.452,0.024,0.009
13.11.2023 06:30:04.894 GMT-0800,62.048,61.442,0.024,0.024
13.11.2023 06:30:05.130 GMT-0800,62.038000000000004,61.442,0.009,0.022
13.11.2023 06:30:05.234 GMT-0800,62.038000000000004,61.482,0.009,0.009
13.11.2023 06:30:06.174 GMT-0800,62.048,61.482,0.024,0.024
13.11.2023 06:30:06.352 GMT-0800,61.98800000000001,61.482,0.009,0.024
13.11.2023 06:30:06.422 GMT-0800,62.018,61.482,0.009,0.024
13.11.2023 06:30:07.520 GMT-0800,61.998999999999995,61.481,0.009,0.024
13.11.2023 06:30:08.862 GMT-0800,62.059,61.481,0.024,0.024
13.11.2023 06:30:08.913 GMT-0800,61.98800000000001,61.482,0.009,0.024
13.11.2023 06:30:12.649 GMT-0800,61.98800000000001,61.482,0.024,0.022
13.11.2023 06:30:15.016 GMT-0800,62.048,61.582,0.022,0.022
13.11.2023 06:30:15.067 GMT-0800,62.048,61.702,0.024,0.024
13.11.2023 06:30:15.278 GMT-0800,62.049,61.70100000000001,0.009,0.022
13.11.2023 06:30:15.328 GMT-0800,62.058,61.762,0.024,0.024
13.11.2023 06:30:19.572 GMT-0800,62.049,61.761,0.009,0.024
13.11.2023 06:30:20.503 GMT-0800,62.058,61.762,0.024,0.024
13.11.2023 06:30:21.171 GMT-0800,62.048,61.762,0.009,0.024
13.11.2023 06:30:21.322 GMT-0800,62.058,61.762,0.024,0.024
13.11.2023 06:30:21.563 GMT-0800,62.048,61.762,0.009,0.024
13.11.2023 06:30:23.536 GMT-0800,61.928000000000004,61.762,0.009,0.024
13.11.2023 06:30:23.587 GMT-0800,62.048,61.762,0.024,0.024
13.11.2023 06:30:23.823 GMT-0800,62.048,61.492,0.024,0.024
13.11.2023 06:30:23.994 GMT-0800,62.059,61.49100000000001,0.024,0.024
13.11.2023 06:30:24.257 GMT-0800,62.048,61.492,0.009,0.024
13.11.2023 06:30:24.358 GMT-0800,62.058,61.492,0.024,0.024
13.11.2023 06:30:25.071 GMT-0800,62.048,61.492,0.024,0.024
13.11.2023 06:30:25.122 GMT-0800,62.058,61.492,0.024,0.024
13.11.2023 06:30:25.173 GMT-0800,62.048,61.492,0.009,0.024
13.11.2023 06:30:25.223 GMT-0800,62.058,61.492,0.024,0.024
13.11.2023 06:30:25.274 GMT-0800,62.049,61.49100000000001,0.024,0.024
13.11.2023 06:30:25.325 GMT-0800,62.059,61.49100000000001,0.024,0.024
13.11.2023 06:30:25.501 GMT-0800,62.048,61.492,0.009,0.024
13.11.2023 06:30:29.513 GMT-0800,62.048,61.482,0.024,0.024
13.11.2023 06:30:30.499 GMT-0800,62.049,61.49100000000001,0.024,0.009
13.11.2023 06:30:45.316 GMT-0800,62.048,61.482,0.024,0.024
13.11.2023 06:30:48.080 GMT-0800,62.008,61.482,0.009,0.024
13.11.2023 06:30:54.833 GMT-0800,62.058,61.482,0.024,0.024
13.11.2023 06:30:57.652 GMT-0800,62.058,61.492,0.024,0.009
13.11.2023 06:31:03.517 GMT-0800,62.018,61.492,0.009,0.024
13.11.2023 06:31:03.567 GMT-0800,62.058,61.492,0.024,0.024
13.11.2023 06:31:06.378 GMT-0800,62.038000000000004,61.492,0.009,0.024
13.11.2023 06:31:10.293 GMT-0800,62.019,61.49100000000001,0.009,0.024
13.11.2023 06:31:11.051 GMT-0800,61.868,61.492,0.009,0.024
13.11.2023 06:31:13.054 GMT-0800,61.949,61.501000000000005,0.022,0.009
13.11.2023 06:31:13.105 GMT-0800,61.948,61.502,0.024,0.024
13.11.2023 06:31:13.277 GMT-0800,62.059,61.501000000000005,0.024,0.024
13.11.2023 06:31:14.114 GMT-0800,62.058,61.492,0.024,0.024
13.11.2023 06:31:15.356 GMT-0800,62.058,61.492,0.024,0.022
13.11.2023 06:31:20.367 GMT-0800,62.058,61.602,0.024,0.009
13.11.2023 06:31:21.409 GMT-0800,62.059,61.611000000000004,0.024,0.009
13.11.2023 06:31:24.157 GMT-0800,62.059,61.59100000000001,0.024,0.024
13.11.2023 06:31:30.883 GMT-0800,62.058,61.632,0.024,0.009
13.11.2023 06:31:33.530 GMT-0800,62.059,61.59100000000001,0.024,0.024
13.11.2023 06:31:35.351 GMT-0800,62.048,61.592,0.024,0.024
13.11.2023 06:31:35.564 GMT-0800,62.058,61.592,0.024,0.024
13.11.2023 06:31:47.313 GMT-0800,62.058,61.592,0.024,0.022
13.11.2023 06:31:48.322 GMT-0800,62.058,61.732,0.024,0.009
13.11.2023 06:31:48.372 GMT-0800,62.058,61.722,0.024,0.024
13.11.2023 06:32:21.366 GMT-0800,61.938,61.722,0.009,0.024
13.11.2023 06:32:21.417 GMT-0800,62.058,61.722,0.024,0.024
13.11.2023 06:32:32.340 GMT-0800,62.058,61.592,0.024,0.024
13.11.2023 06:32:32.465 GMT-0800,62.058,61.592,0.024,0.022
13.11.2023 06:32:35.781 GMT-0800,62.059,61.651,0.024,0.022
13.11.2023 06:32:35.832 GMT-0800,62.059,61.66100000000001,0.024,0.024
13.11.2023 06:32:36.263 GMT-0800,62.048,61.672,0.009,0.009
13.11.2023 06:32:37.612 GMT-0800,62.059,61.66100000000001,0.024,0.024
13.11.2023 06:32:38.781 GMT-0800,62.058,61.692,0.024,0.009
13.11.2023 06:32:39.307 GMT-0800,62.058,61.711999999999996,0.024,0.009
13.11.2023 06:32:39.539 GMT-0800,62.059,61.70100000000001,0.024,0.024
13.11.2023 06:32:47.142 GMT-0800,62.058,61.742,0.024,0.009
13.11.2023 06:32:55.999 GMT-0800,62.059,61.781000000000006,0.024,0.009
13.11.2023 06:33:02.337 GMT-0800,62.059,61.821000000000005,0.024,0.024
13.11.2023 06:33:02.785 GMT-0800,61.979,61.821000000000005,0.009,0.009
13.11.2023 06:33:02.836 GMT-0800,61.998999999999995,61.821000000000005,0.009,0.009
13.11.2023 06:33:02.987 GMT-0800,61.998000000000005,61.702,0.024,0.024
13.11.2023 06:33:04.700 GMT-0800,62.059,61.70100000000001,0.024,0.024
13.11.2023 06:33:04.868 GMT-0800,62.058,61.682,0.024,0.024
13.11.2023 06:33:11.155 GMT-0800,62.058,61.642,0.024,0.024
13.11.2023 06:33:14.806 GMT-0800,62.038000000000004,61.642,0.009,0.024
13.11.2023 06:33:16.187 GMT-0800,62.038999999999994,61.651,0.009,0.009
13.11.2023 06:33:16.238 GMT-0800,62.059,61.651,0.024,0.024
13.11.2023 06:33:19.577 GMT-0800,62.058,61.662,0.024,0.009
13.11.2023 06:33:20.548 GMT-0800,62.058,61.672,0.024,0.009
13.11.2023 06:33:21.210 GMT-0800,62.058,61.682,0.024,0.009
13.11.2023 06:33:21.261 GMT-0800,62.058,61.672,0.024,0.009
13.11.2023 06:33:21.395 GMT-0800,62.059,61.66100000000001,0.024,0.024
13.11.2023 06:33:21.561 GMT-0800,62.058,61.682,0.024,0.009
13.11.2023 06:33:21.928 GMT-0800,62.058,61.672,0.024,0.024
13.11.2023 06:33:23.318 GMT-0800,62.058,61.692,0.024,0.009
13.11.2023 06:33:23.567 GMT-0800,62.059,61.70100000000001,0.024,0.009
13.11.2023 06:33:25.531 GMT-0800,62.059,61.691,0.024,0.024
13.11.2023 06:33:27.317 GMT-0800,62.059,61.70100000000001,0.024,0.009
13.11.2023 06:33:30.339 GMT-0800,62.058,61.692,0.024,0.024
13.11.2023 06:33:31.853 GMT-0800,62.059,61.70100000000001,0.024,0.009
13.11.2023 06:33:32.393 GMT-0800,62.058,61.692,0.024,0.024
13.11.2023 06:33:32.639 GMT-0800,62.058,61.702,0.024,0.009
13.11.2023 06:33:36.235 GMT-0800,62.038000000000004,61.702,0.009,0.024
13.11.2023 06:33:36.286 GMT-0800,62.058,61.702,0.024,0.024
13.11.2023 06:33:42.366 GMT-0800,62.008,61.702,0.009,0.024
13.11.2023 06:33:46.163 GMT-0800,61.908,61.702,0.009,0.024
13.11.2023 06:33:46.214 GMT-0800,62.009,61.641000000000005,0.024,0.024
13.11.2023 06:33:53.914 GMT-0800,61.918000000000006,61.642,0.009,0.024
13.11.2023 06:33:53.965 GMT-0800,62.008,61.642,0.024,0.024
13.11.2023 06:33:55.797 GMT-0800,61.948,61.642,0.009,0.024
13.11.2023 06:33:57.360 GMT-0800,61.938,61.642,0.009,0.024
13.11.2023 06:34:05.575 GMT-0800,61.858000000000004,61.642,0.009,0.009
13.11.2023 06:34:05.627 GMT-0800,61.938,61.642,0.009,0.009
13.11.2023 06:34:05.678 GMT-0800,61.949,61.59100000000001,0.024,0.024
13.11.2023 06:34:05.754 GMT-0800,61.928000000000004,61.592,0.009,0.024
13.11.2023 06:34:06.403 GMT-0800,61.928000000000004,61.542,0.024,0.024
13.11.2023 06:34:06.852 GMT-0800,61.928999999999995,61.541000000000004,0.024,0.022
13.11.2023 06:34:06.903 GMT-0800,61.928999999999995,61.541000000000004,0.024,0.024
13.11.2023 06:34:07.563 GMT-0800,61.928000000000004,61.552,0.024,0.009
13.11.2023 06:34:08.403 GMT-0800,61.939,61.551,0.024,0.024
13.11.2023 06:34:08.997 GMT-0800,61.928000000000004,61.552,0.009,0.024
13.11.2023 06:34:09.196 GMT-0800,61.948,61.552,0.024,0.024
13.11.2023 06:34:09.855 GMT-0800,61.928000000000004,61.552,0.009,0.024
13.11.2023 06:34:10.559 GMT-0800,61.928000000000004,61.542,0.024,0.024
13.11.2023 06:34:12.309 GMT-0800,61.928000000000004,61.582,0.009,0.009
13.11.2023 06:34:12.360 GMT-0800,61.939,61.581,0.024,0.024
13.11.2023 06:34:12.421 GMT-0800,61.928999999999995,61.581,0.009,0.024
13.11.2023 06:34:12.523 GMT-0800,61.939,61.581,0.024,0.024
13.11.2023 06:34:13.298 GMT-0800,61.928000000000004,61.582,0.009,0.024
13.11.2023 06:34:13.499 GMT-0800,61.938,61.582,0.024,0.024
13.11.2023 06:34:15.643 GMT-0800,61.928000000000004,61.582,0.009,0.024
13.11.2023 06:34:15.794 GMT-0800,61.948,61.582,0.024,0.024
13.11.2023 06:34:16.914 GMT-0800,61.828,61.582,0.009,0.009
13.11.2023 06:34:16.964 GMT-0800,61.948,61.582,0.024,0.009
13.11.2023 06:34:17.015 GMT-0800,61.949,61.541000000000004,0.024,0.024
13.11.2023 06:34:18.674 GMT-0800,61.869,61.541000000000004,0.009,0.024
13.11.2023 06:34:19.840 GMT-0800,61.868,61.522,0.024,0.024
13.11.2023 06:34:26.085 GMT-0800,61.848000000000006,61.522,0.009,0.024
13.11.2023 06:34:30.455 GMT-0800,61.918000000000006,61.522,0.024,0.024
13.11.2023 06:34:30.604 GMT-0800,61.918000000000006,61.532,0.024,0.009
13.11.2023 06:34:35.876 GMT-0800,61.858000000000004,61.532,0.009,0.024
13.11.2023 06:34:35.927 GMT-0800,61.918000000000006,61.532,0.024,0.024
13.11.2023 06:34:36.391 GMT-0800,61.888000000000005,61.532,0.009,0.024
13.11.2023 06:34:36.889 GMT-0800,61.818000000000005,61.532,0.009,0.024
13.11.2023 06:34:43.532 GMT-0800,61.818000000000005,61.582,0.024,0.009
13.11.2023 06:35:06.049 GMT-0800,61.788000000000004,61.582,0.009,0.024
13.11.2023 06:35:06.100 GMT-0800,61.818000000000005,61.582,0.024,0.024
13.11.2023 06:35:06.270 GMT-0800,61.788000000000004,61.582,0.009,0.024
13.11.2023 06:35:15.457 GMT-0800,61.748000000000005,61.582,0.009,0.009
13.11.2023 06:35:15.512 GMT-0800,61.748000000000005,61.482,0.009,0.024
13.11.2023 06:35:15.562 GMT-0800,61.728,61.482,0.009,0.009
13.11.2023 06:35:15.613 GMT-0800,61.728,61.452,0.024,0.024
13.11.2023 06:35:22.423 GMT-0800,61.698,61.452,0.009,0.009
13.11.2023 06:35:22.473 GMT-0800,61.719,61.441,0.024,0.024
13.11.2023 06:35:22.650 GMT-0800,61.658,61.442,0.009,0.024
13.11.2023 06:35:29.232 GMT-0800,61.708000000000006,61.442,0.024,0.024
13.11.2023 06:35:33.102 GMT-0800,61.708000000000006,61.442,0.024,0.022
13.11.2023 06:35:33.153 GMT-0800,61.708000000000006,61.442,0.024,0.024
13.11.2023 06:35:36.637 GMT-0800,61.708999999999996,61.56100000000001,0.009,0.009
13.11.2023 06:35:36.688 GMT-0800,61.729,61.441,0.024,0.024
13.11.2023 06:35:38.213 GMT-0800,61.729,61.45100000000001,0.024,0.009
13.11.2023 06:35:40.480 GMT-0800,61.728,61.442,0.024,0.024
13.11.2023 06:35:57.656 GMT-0800,61.719,61.441,0.009,0.024
13.11.2023 06:36:14.585 GMT-0800,61.688,61.442,0.009,0.024
13.11.2023 06:36:15.011 GMT-0800,61.618,61.442,0.009,0.024
13.11.2023 06:36:16.290 GMT-0800,61.648,61.442,0.024,0.024
13.11.2023 06:36:29.808 GMT-0800,61.708000000000006,61.442,0.024,0.024
13.11.2023 06:36:40.534 GMT-0800,61.729,61.441,0.024,0.024
13.11.2023 06:36:41.027 GMT-0800,61.698,61.442,0.009,0.024
13.11.2023 06:36:56.686 GMT-0800,61.748000000000005,61.442,0.024,0.024
13.11.2023 06:36:56.753 GMT-0800,61.678000000000004,61.442,0.009,0.024
13.11.2023 06:37:11.827 GMT-0800,61.728,61.442,0.024,0.024
13.11.2023 06:37:11.884 GMT-0800,61.689,61.441,0.009,0.024
13.11.2023 06:37:26.923 GMT-0800,61.658,61.442,0.009,0.024
13.11.2023 06:37:42.699 GMT-0800,61.73800000000001,61.442,0.024,0.024
13.11.2023 06:37:42.760 GMT-0800,61.658,61.442,0.009,0.024
13.11.2023 06:37:44.796 GMT-0800,61.599,61.441,0.009,0.024
13.11.2023 06:37:44.847 GMT-0800,61.739,61.34100000000001,0.024,0.009
13.11.2023 06:37:44.948 GMT-0800,61.619,61.411,0.024,0.024
13.11.2023 06:37:45.174 GMT-0800,61.619,61.401,0.024,0.024
13.11.2023 06:37:45.441 GMT-0800,61.618,61.312,0.024,0.024
13.11.2023 06:37:47.692 GMT-0800,61.618,61.322,0.024,0.009
13.11.2023 06:37:47.793 GMT-0800,61.618,61.342,0.024,0.024
13.11.2023 06:37:48.449 GMT-0800,61.618,61.352,0.024,0.009
13.11.2023 06:37:48.623 GMT-0800,61.619,61.34100000000001,0.024,0.024
13.11.2023 06:37:49.477 GMT-0800,61.618,61.352,0.024,0.009
13.11.2023 06:37:49.629 GMT-0800,61.618,61.342,0.024,0.024
13.11.2023 06:37:53.098 GMT-0800,61.618,61.342,0.024,0.022
13.11.2023 06:37:55.431 GMT-0800,61.608000000000004,61.412,0.009,0.009
13.11.2023 06:37:56.498 GMT-0800,61.619,61.411,0.024,0.024
13.11.2023 06:38:00.044 GMT-0800,61.678000000000004,61.412,0.024,0.024
13.11.2023 06:38:00.154 GMT-0800,61.599,61.411,0.009,0.024
13.11.2023 06:38:00.205 GMT-0800,61.598000000000006,61.342,0.024,0.024
13.11.2023 06:38:01.368 GMT-0800,61.678000000000004,61.342,0.022,0.022
13.11.2023 06:38:01.419 GMT-0800,61.638000000000005,61.342,0.024,0.024
13.11.2023 06:38:09.219 GMT-0800,61.638999999999996,61.34100000000001,0.024,0.022
13.11.2023 06:38:14.674 GMT-0800,61.638999999999996,61.42100000000001,0.009,0.009
13.11.2023 06:38:14.724 GMT-0800,61.659,61.42100000000001,0.024,0.024
13.11.2023 06:38:15.726 GMT-0800,61.658,61.412,0.024,0.024
13.11.2023 06:38:30.131 GMT-0800,61.678000000000004,61.412,0.024,0.024
13.11.2023 06:38:37.065 GMT-0800,61.678000000000004,61.412,0.024,0.022
13.11.2023 06:38:39.904 GMT-0800,61.689,61.481,0.024,0.024
13.11.2023 06:38:41.933 GMT-0800,61.688,61.412,0.024,0.024
13.11.2023 06:38:44.158 GMT-0800,61.689,61.441,0.024,0.009
13.11.2023 06:38:44.260 GMT-0800,61.688,61.482,0.024,0.024
13.11.2023 06:38:50.117 GMT-0800,61.73800000000001,61.482,0.024,0.024
13.11.2023 06:38:50.168 GMT-0800,61.748000000000005,61.482,0.024,0.024
13.11.2023 06:38:52.662 GMT-0800,61.669,61.481,0.009,0.024
13.11.2023 06:39:07.767 GMT-0800,61.708000000000006,61.482,0.024,0.024
13.11.2023 06:39:11.022 GMT-0800,61.708000000000006,61.492,0.024,0.009
13.11.2023 06:39:13.961 GMT-0800,61.708000000000006,61.422,0.024,0.024
13.11.2023 06:39:16.867 GMT-0800,61.708000000000006,61.452,0.024,0.009
13.11.2023 06:39:22.037 GMT-0800,61.708000000000006,61.422,0.024,0.024
13.11.2023 06:39:22.233 GMT-0800,61.708000000000006,61.452,0.024,0.009
13.11.2023 06:39:23.817 GMT-0800,61.728,61.452,0.024,0.024
13.11.2023 06:39:24.654 GMT-0800,61.688,61.482,0.009,0.009
13.11.2023 06:39:24.755 GMT-0800,61.688,61.422,0.024,0.024
13.11.2023 06:39:24.975 GMT-0800,61.688,61.422,0.024,0.022
13.11.2023 06:39:25.546 GMT-0800,61.688,61.472,0.024,0.024
13.11.2023 06:39:25.733 GMT-0800,61.689,61.481,0.024,0.009
13.11.2023 06:39:26.781 GMT-0800,61.688,61.422,0.024,0.024
13.11.2023 06:39:28.636 GMT-0800,61.688,61.442,0.024,0.009
13.11.2023 06:39:30.022 GMT-0800,61.688,61.422,0.024,0.024
13.11.2023 06:39:30.188 GMT-0800,61.689,61.441,0.024,0.009
13.11.2023 06:39:30.878 GMT-0800,61.689,61.42100000000001,0.024,0.024
13.11.2023 06:39:33.290 GMT-0800,61.688,61.442,0.024,0.009
13.11.2023 06:39:38.817 GMT-0800,61.699,61.441,0.024,0.024
13.11.2023 06:39:54.482 GMT-0800,61.699,61.441,0.024,0.022
13.11.2023 06:40:02.390 GMT-0800,61.838,61.592,0.024,0.024
13.11.2023 06:40:02.657 GMT-0800,61.778000000000006,61.592,0.009,0.024
13.11.2023 06:40:04.925 GMT-0800,61.748000000000005,61.592,0.009,0.009
13.11.2023 06:40:04.976 GMT-0800,61.778000000000006,61.592,0.024,0.009
13.11.2023 06:40:05.097 GMT-0800,61.778999999999996,61.441,0.024,0.024
13.11.2023 06:40:06.193 GMT-0800,61.708000000000006,61.442,0.009,0.024
13.11.2023 06:40:06.243 GMT-0800,61.839,61.441,0.024,0.024
13.11.2023 06:40:06.376 GMT-0800,61.798,61.442,0.009,0.024
13.11.2023 06:40:07.688 GMT-0800,61.728,61.442,0.009,0.024
13.11.2023 06:40:10.737 GMT-0800,61.688,61.442,0.009,0.024
13.11.2023 06:40:11.587 GMT-0800,61.698,61.512,0.009,0.024
13.11.2023 06:40:27.229 GMT-0800,61.729,61.511,0.024,0.024
13.11.2023 06:40:27.337 GMT-0800,61.718,61.512,0.009,0.024
13.11.2023 06:40:37.175 GMT-0800,61.729,61.461000000000006,0.024,0.024
13.11.2023 06:40:37.356 GMT-0800,61.648,61.461999999999996,0.009,0.024
13.11.2023 06:40:37.520 GMT-0800,61.648,61.432,0.024,0.024
13.11.2023 06:40:37.938 GMT-0800,61.649,61.42100000000001,0.024,0.024
13.11.2023 06:40:42.308 GMT-0800,61.628,61.422,0.009,0.024
13.11.2023 06:40:57.603 GMT-0800,61.649,61.42100000000001,0.024,0.024
13.11.2023 06:40:57.654 GMT-0800,61.598000000000006,61.422,0.024,0.024
13.11.2023 06:41:07.467 GMT-0800,61.649,61.42100000000001,0.024,0.024
13.11.2023 06:41:11.743 GMT-0800,61.649,61.361000000000004,0.024,0.024
13.11.2023 06:41:12.058 GMT-0800,61.599,61.391000000000005,0.009,0.009
13.11.2023 06:41:13.884 GMT-0800,61.648,61.391999999999996,0.024,0.024
13.11.2023 06:41:14.160 GMT-0800,61.648,61.332,0.024,0.024
13.11.2023 06:41:14.825 GMT-0800,61.599,61.331,0.009,0.024
13.11.2023 06:41:16.564 GMT-0800,61.598000000000006,61.282,0.024,0.024
13.11.2023 06:41:16.631 GMT-0800,61.548,61.282,0.009,0.024
13.11.2023 06:41:18.719 GMT-0800,61.548,61.282,0.024,0.022
13.11.2023 06:41:18.770 GMT-0800,61.509,61.291000000000004,0.024,0.024
13.11.2023 06:41:19.771 GMT-0800,61.508,61.282,0.024,0.024
13.11.2023 06:41:21.280 GMT-0800,61.509,61.261,0.024,0.024
13.11.2023 06:41:28.421 GMT-0800,61.509,61.221000000000004,0.024,0.024
13.11.2023 06:41:34.291 GMT-0800,61.498999999999995,61.221000000000004,0.009,0.022
13.11.2023 06:41:34.342 GMT-0800,61.598000000000006,61.222,0.022,0.022
13.11.2023 06:41:34.411 GMT-0800,61.599,61.221000000000004,0.022,0.024
13.11.2023 06:41:37.614 GMT-0800,61.598000000000006,61.232,0.024,0.009
13.11.2023 06:41:37.715 GMT-0800,61.599,61.221000000000004,0.024,0.024
13.11.2023 06:41:39.409 GMT-0800,61.828,61.232,0.022,0.009
13.11.2023 06:41:39.460 GMT-0800,61.599,61.221000000000004,0.009,0.024
13.11.2023 06:41:39.511 GMT-0800,61.629,61.221000000000004,0.024,0.024
13.11.2023 06:41:40.342 GMT-0800,61.628,61.232,0.009,0.009
13.11.2023 06:41:40.394 GMT-0800,61.628,61.222,0.024,0.024
13.11.2023 06:41:40.560 GMT-0800,61.628,61.222,0.024,0.022
13.11.2023 06:41:41.687 GMT-0800,61.658,61.292,0.024,0.024
13.11.2023 06:41:43.570 GMT-0800,61.658,61.322,0.024,0.009
13.11.2023 06:41:49.936 GMT-0800,61.658,61.332,0.024,0.009
13.11.2023 06:41:50.907 GMT-0800,61.668000000000006,61.322,0.024,0.024
13.11.2023 06:41:51.025 GMT-0800,61.698,61.322,0.024,0.024
13.11.2023 06:41:52.552 GMT-0800,61.699,61.361000000000004,0.024,0.009
13.11.2023 06:41:53.087 GMT-0800,61.718,61.362,0.024,0.024
13.11.2023 06:41:53.474 GMT-0800,61.678999999999995,61.361000000000004,0.009,0.024
13.11.2023 06:41:57.218 GMT-0800,61.678999999999995,61.361000000000004,0.024,0.022
13.11.2023 06:42:04.772 GMT-0800,61.658,61.432,0.009,0.024
13.11.2023 06:42:05.356 GMT-0800,61.588,61.432,0.009,0.009
13.11.2023 06:42:05.416 GMT-0800,61.588,61.312,0.024,0.024
13.11.2023 06:42:06.940 GMT-0800,61.589,61.331,0.024,0.009
13.11.2023 06:42:08.345 GMT-0800,61.698,61.332,0.024,0.024
13.11.2023 06:42:11.173 GMT-0800,61.698,61.372,0.024,0.009
13.11.2023 06:42:13.777 GMT-0800,61.698,61.352,0.024,0.024
13.11.2023 06:42:15.242 GMT-0800,61.699,61.371,0.024,0.009
13.11.2023 06:42:15.954 GMT-0800,61.699,61.351000000000006,0.024,0.024
13.11.2023 06:42:16.558 GMT-0800,61.698,61.372,0.024,0.009
13.11.2023 06:42:23.880 GMT-0800,61.698,61.352,0.024,0.024
13.11.2023 06:42:26.777 GMT-0800,61.698,61.332,0.024,0.024
13.11.2023 06:42:27.610 GMT-0800,61.699,61.31100000000001,0.024,0.024
13.11.2023 06:42:30.354 GMT-0800,61.698,61.362,0.024,0.009
13.11.2023 06:42:30.405 GMT-0800,61.698,61.312,0.024,0.009
13.11.2023 06:42:31.192 GMT-0800,61.699,61.301,0.024,0.009
13.11.2023 06:42:31.242 GMT-0800,61.548,61.312,0.009,0.009
13.11.2023 06:42:31.293 GMT-0800,61.549,61.291000000000004,0.024,0.024
13.11.2023 06:42:31.824 GMT-0800,61.549,61.281000000000006,0.024,0.024
13.11.2023 06:42:38.476 GMT-0800,61.548,61.262,0.024,0.024
13.11.2023 06:42:41.138 GMT-0800,61.549,61.24100000000001,0.024,0.024
13.11.2023 06:42:42.821 GMT-0800,61.548,61.252,0.024,0.009
13.11.2023 06:42:42.872 GMT-0800,61.548,61.242,0.024,0.024
13.11.2023 06:42:46.600 GMT-0800,61.598000000000006,61.262,0.024,0.024
13.11.2023 06:42:48.553 GMT-0800,61.598000000000006,61.242,0.024,0.024
13.11.2023 06:42:48.990 GMT-0800,61.548,61.242,0.009,0.024
13.11.2023 06:42:51.109 GMT-0800,61.528000000000006,61.262,0.009,0.009
13.11.2023 06:42:54.021 GMT-0800,61.528000000000006,61.242,0.024,0.024
13.11.2023 06:42:54.072 GMT-0800,61.528999999999996,61.231,0.024,0.024
13.11.2023 06:43:07.008 GMT-0800,61.599,61.231,0.024,0.024
13.11.2023 06:43:07.662 GMT-0800,61.508,61.232,0.009,0.024
13.11.2023 06:43:11.208 GMT-0800,61.508,61.211999999999996,0.024,0.024
13.11.2023 06:43:14.880 GMT-0800,61.509,61.231,0.024,0.009
13.11.2023 06:43:16.471 GMT-0800,61.508,61.262,0.024,0.009
13.11.2023 06:43:23.978 GMT-0800,61.568000000000005,61.262,0.024,0.024
13.11.2023 06:43:25.784 GMT-0800,61.498000000000005,61.262,0.009,0.024
13.11.2023 06:43:50.057 GMT-0800,61.498000000000005,61.352,0.009,0.009
13.11.2023 06:43:50.108 GMT-0800,61.508,61.262,0.024,0.024
13.11.2023 06:43:51.300 GMT-0800,61.598000000000006,61.262,0.024,0.024
13.11.2023 06:43:52.278 GMT-0800,61.628,61.262,0.024,0.024
13.11.2023 06:43:52.884 GMT-0800,61.629,61.301,0.024,0.009
13.11.2023 06:44:00.320 GMT-0800,61.628,61.282,0.024,0.024
13.11.2023 06:44:03.561 GMT-0800,61.628,61.232,0.024,0.024
13.11.2023 06:44:03.775 GMT-0800,61.629,61.281000000000006,0.024,0.009
13.11.2023 06:44:05.712 GMT-0800,61.629,61.24100000000001,0.024,0.024
13.11.2023 06:44:05.917 GMT-0800,61.629,61.231,0.024,0.024
13.11.2023 06:44:06.641 GMT-0800,61.629,61.231,0.024,0.022
13.11.2023 06:44:27.082 GMT-0800,61.558,61.372,0.024,0.024
13.11.2023 06:44:27.133 GMT-0800,61.559,61.321000000000005,0.024,0.024
13.11.2023 06:44:29.313 GMT-0800,61.558,61.282,0.024,0.024
13.11.2023 06:44:35.445 GMT-0800,61.558,61.232,0.024,0.024
13.11.2023 06:44:35.769 GMT-0800,61.559,61.231,0.024,0.022
13.11.2023 06:44:35.870 GMT-0800,61.548,61.352,0.024,0.024
13.11.2023 06:44:37.273 GMT-0800,61.549,61.38100000000001,0.024,0.009
13.11.2023 06:44:39.201 GMT-0800,61.549,61.411,0.009,0.009
13.11.2023 06:44:39.323 GMT-0800,61.678000000000004,61.412,0.024,0.024
13.11.2023 06:44:52.193 GMT-0800,61.678999999999995,61.42100000000001,0.024,0.009
13.11.2023 06:45:01.435 GMT-0800,61.688,61.422,0.024,0.024
13.11.2023 06:45:02.311 GMT-0800,61.688,61.412,0.024,0.024
13.11.2023 06:45:03.861 GMT-0800,61.688,61.432,0.024,0.009
13.11.2023 06:45:04.395 GMT-0800,61.638999999999996,61.431000000000004,0.009,0.024
13.11.2023 06:45:12.650 GMT-0800,61.638000000000005,61.461999999999996,0.024,0.009
13.11.2023 06:45:20.056 GMT-0800,61.708000000000006,61.461999999999996,0.024,0.024
13.11.2023 06:45:20.173 GMT-0800,61.659,61.461000000000006,0.009,0.024
13.11.2023 06:45:29.538 GMT-0800,61.659,61.471000000000004,0.024,0.009
13.11.2023 06:45:35.370 GMT-0800,61.638000000000005,61.472,0.009,0.024
13.11.2023 06:45:39.580 GMT-0800,61.659,61.471000000000004,0.024,0.024
13.11.2023 06:45:44.693 GMT-0800,61.629,61.471000000000004,0.009,0.024
13.11.2023 06:45:56.167 GMT-0800,61.608000000000004,61.472,0.009,0.009
13.11.2023 06:45:56.218 GMT-0800,61.588,61.422,0.024,0.024
13.11.2023 06:45:57.371 GMT-0800,61.589,61.34100000000001,0.024,0.024
13.11.2023 06:45:59.706 GMT-0800,61.588,61.362,0.024,0.009
13.11.2023 06:46:00.283 GMT-0800,61.588,61.422,0.024,0.009
13.11.2023 06:46:02.024 GMT-0800,61.589,61.441,0.009,0.009
13.11.2023 06:46:02.074 GMT-0800,61.608000000000004,61.422,0.024,0.024
13.11.2023 06:46:03.004 GMT-0800,61.608000000000004,61.452,0.009,0.009
13.11.2023 06:46:03.055 GMT-0800,61.628,61.422,0.024,0.024
13.11.2023 06:46:04.325 GMT-0800,61.628,61.452,0.024,0.009
13.11.2023 06:46:09.065 GMT-0800,61.608000000000004,61.452,0.009,0.024
13.11.2023 06:46:09.788 GMT-0800,61.628,61.382,0.024,0.024
13.11.2023 06:46:10.056 GMT-0800,61.628,61.472,0.024,0.009
13.11.2023 06:46:14.274 GMT-0800,61.628,61.482,0.009,0.009
13.11.2023 06:46:14.325 GMT-0800,61.658,61.482,0.024,0.009
13.11.2023 06:46:14.965 GMT-0800,61.658,61.472,0.024,0.009
13.11.2023 06:46:15.057 GMT-0800,61.658,61.452,0.024,0.024
13.11.2023 06:46:15.165 GMT-0800,61.659,61.49100000000001,0.024,0.009
13.11.2023 06:46:21.029 GMT-0800,61.658,61.502,0.009,0.009
13.11.2023 06:46:21.080 GMT-0800,61.708000000000006,61.502,0.024,0.024
13.11.2023 06:46:21.783 GMT-0800,61.708999999999996,61.531000000000006,0.024,0.009
13.11.2023 06:46:21.884 GMT-0800,61.658,61.452,0.024,0.024
13.11.2023 06:46:21.935 GMT-0800,61.708999999999996,61.45100000000001,0.024,0.024
13.11.2023 06:46:22.312 GMT-0800,61.708999999999996,61.481,0.024,0.009
13.11.2023 06:46:23.748 GMT-0800,61.708999999999996,61.49100000000001,0.024,0.009
13.11.2023 06:46:29.821 GMT-0800,61.708000000000006,61.502,0.024,0.009
13.11.2023 06:46:35.011 GMT-0800,61.608999999999995,61.45100000000001,0.024,0.024
13.11.2023 06:46:36.037 GMT-0800,61.598000000000006,61.461999999999996,0.009,0.024
13.11.2023 06:46:36.088 GMT-0800,61.608999999999995,61.461000000000006,0.024,0.024
13.11.2023 06:46:36.139 GMT-0800,61.578,61.461999999999996,0.009,0.009
13.11.2023 06:46:36.189 GMT-0800,61.578,61.422,0.024,0.024
13.11.2023 06:46:36.637 GMT-0800,61.568000000000005,61.422,0.009,0.009
13.11.2023 06:46:36.688 GMT-0800,61.578,61.422,0.024,0.009
13.11.2023 06:46:37.860 GMT-0800,61.608000000000004,61.422,0.024,0.009
13.11.2023 06:46:38.025 GMT-0800,61.608000000000004,61.312,0.024,0.022
13.11.2023 06:46:38.538 GMT-0800,61.608000000000004,61.312,0.024,0.024
13.11.2023 06:46:39.682 GMT-0800,61.608000000000004,61.312,0.024,0.022
13.11.2023 06:46:46.963 GMT-0800,61.608000000000004,61.372,0.024,0.024
13.11.2023 06:46:47.654 GMT-0800,61.608999999999995,61.441,0.024,0.009
13.11.2023 06:46:51.714 GMT-0800,61.608000000000004,61.452,0.009,0.009
13.11.2023 06:46:51.777 GMT-0800,61.708000000000006,61.372,0.024,0.024
13.11.2023 06:46:52.654 GMT-0800,61.708000000000006,61.372,0.024,0.022
13.11.2023 06:46:53.896 GMT-0800,61.638000000000005,61.482,0.009,0.024
13.11.2023 06:47:05.520 GMT-0800,61.629,61.481,0.009,0.009
13.11.2023 06:47:05.571 GMT-0800,61.638000000000005,61.442,0.024,0.024
13.11.2023 06:47:05.728 GMT-0800,61.598000000000006,61.442,0.009,0.024
13.11.2023 06:47:17.990 GMT-0800,61.599,61.45100000000001,0.009,0.009
13.11.2023 06:47:18.091 GMT-0800,61.628,61.452,0.024,0.024
13.11.2023 06:47:24.699 GMT-0800,61.599,61.45100000000001,0.009,0.009
13.11.2023 06:47:24.750 GMT-0800,61.628,61.432,0.024,0.024
13.11.2023 06:47:33.916 GMT-0800,61.588,61.432,0.009,0.024
13.11.2023 06:47:37.963 GMT-0800,61.588,61.342,0.024,0.024
13.11.2023 06:47:38.259 GMT-0800,61.588,61.342,0.024,0.022
13.11.2023 06:47:43.637 GMT-0800,61.579,61.401,0.009,0.024
13.11.2023 06:47:44.698 GMT-0800,61.588,61.402,0.024,0.024
13.11.2023 06:47:49.672 GMT-0800,61.629,61.401,0.024,0.024
13.11.2023 06:47:50.685 GMT-0800,61.568000000000005,61.402,0.009,0.009
13.11.2023 06:47:50.735 GMT-0800,61.568999999999996,61.351000000000006,0.024,0.024
13.11.2023 06:47:53.030 GMT-0800,61.638000000000005,61.402,0.022,0.009
13.11.2023 06:47:53.081 GMT-0800,61.568000000000005,61.352,0.024,0.024
13.11.2023 06:48:09.468 GMT-0800,61.578,61.352,0.024,0.024
13.11.2023 06:48:11.659 GMT-0800,61.578,61.391999999999996,0.024,0.009
13.11.2023 06:48:25.129 GMT-0800,61.638000000000005,61.391999999999996,0.024,0.024
13.11.2023 06:48:27.720 GMT-0800,61.638000000000005,61.352,0.024,0.024
13.11.2023 06:48:27.771 GMT-0800,61.638000000000005,61.352,0.024,0.022
13.11.2023 06:48:30.039 GMT-0800,61.638000000000005,61.422,0.024,0.009
13.11.2023 06:48:30.280 GMT-0800,61.628,61.482,0.024,0.009
13.11.2023 06:48:35.248 GMT-0800,61.628,61.492,0.009,0.009
13.11.2023 06:48:35.299 GMT-0800,61.638000000000005,61.492,0.024,0.009
13.11.2023 06:48:35.350 GMT-0800,61.638000000000005,61.482,0.024,0.024
13.11.2023 06:48:36.913 GMT-0800,61.638000000000005,61.372,0.024,0.024
13.11.2023 06:48:37.057 GMT-0800,61.638000000000005,61.372,0.024,0.022
13.11.2023 06:48:38.217 GMT-0800,61.638000000000005,61.372,0.024,0.024
13.11.2023 06:48:46.144 GMT-0800,61.638999999999996,61.411,0.024,0.009
13.11.2023 06:48:52.649 GMT-0800,61.638000000000005,61.452,0.024,0.009
13.11.2023 06:49:09.930 GMT-0800,61.638000000000005,61.422,0.024,0.024
13.11.2023 06:49:15.884 GMT-0800,61.628,61.422,0.009,0.024
13.11.2023 06:49:18.759 GMT-0800,61.628,61.472,0.009,0.009
13.11.2023 06:49:18.810 GMT-0800,61.638000000000005,61.432,0.024,0.024
13.11.2023 06:49:19.800 GMT-0800,61.638000000000005,61.391999999999996,0.024,0.024
13.11.2023 06:49:20.061 GMT-0800,61.638000000000005,61.391999999999996,0.024,0.022
13.11.2023 06:49:27.697 GMT-0800,61.608999999999995,61.461000000000006,0.009,0.009
13.11.2023 06:49:27.798 GMT-0800,61.578,61.422,0.024,0.024
13.11.2023 06:49:42.759 GMT-0800,61.638000000000005,61.422,0.024,0.024
13.11.2023 06:49:50.109 GMT-0800,61.568000000000005,61.422,0.009,0.024
13.11.2023 06:49:52.721 GMT-0800,61.568999999999996,61.431000000000004,0.009,0.009
13.11.2023 06:49:52.772 GMT-0800,61.638000000000005,61.432,0.024,0.024
13.11.2023 06:49:53.593 GMT-0800,61.638000000000005,61.422,0.024,0.024
13.11.2023 06:50:01.690 GMT-0800,61.638000000000005,61.432,0.024,0.009
13.11.2023 06:50:02.748 GMT-0800,61.638999999999996,61.42100000000001,0.024,0.024
13.11.2023 06:50:08.359 GMT-0800,61.638999999999996,61.411,0.024,0.024
13.11.2023 06:50:10.156 GMT-0800,61.638000000000005,61.391999999999996,0.024,0.024
13.11.2023 06:50:13.333 GMT-0800,61.638999999999996,61.411,0.024,0.009
13.11.2023 06:50:17.312 GMT-0800,61.638000000000005,61.391999999999996,0.024,0.024
13.11.2023 06:50:22.502 GMT-0800,61.638000000000005,61.382,0.024,0.024
13.11.2023 06:50:28.814 GMT-0800,61.638000000000005,61.372,0.024,0.024
13.11.2023 06:50:29.994 GMT-0800,61.638999999999996,61.411,0.024,0.009
13.11.2023 06:50:31.797 GMT-0800,61.638000000000005,61.472,0.024,0.009
13.11.2023 06:50:31.937 GMT-0800,61.638000000000005,61.482,0.009,0.009
13.11.2023 06:50:32.038 GMT-0800,61.73800000000001,61.482,0.024,0.024
13.11.2023 06:50:34.285 GMT-0800,61.748000000000005,61.522,0.024,0.009
13.11.2023 06:50:34.990 GMT-0800,61.778000000000006,61.522,0.024,0.024
13.11.2023 06:50:36.288 GMT-0800,61.778000000000006,61.542,0.024,0.009
13.11.2023 06:50:37.131 GMT-0800,61.778999999999996,61.551,0.009,0.009
13.11.2023 06:50:37.182 GMT-0800,61.788000000000004,61.552,0.024,0.024
13.11.2023 06:50:38.189 GMT-0800,61.788000000000004,61.542,0.024,0.024
13.11.2023 06:50:38.627 GMT-0800,61.718,61.522,0.009,0.024
13.11.2023 06:50:44.272 GMT-0800,61.719,61.501000000000005,0.024,0.024
13.11.2023 06:50:49.871 GMT-0800,61.718,61.562,0.024,0.009
13.11.2023 06:50:50.181 GMT-0800,61.718,61.572,0.009,0.009
13.11.2023 06:50:50.232 GMT-0800,61.788999999999994,61.571000000000005,0.024,0.024
13.11.2023 06:50:50.723 GMT-0800,61.778000000000006,61.572,0.009,0.009
13.11.2023 06:50:50.774 GMT-0800,61.778999999999996,61.56100000000001,0.024,0.024
13.11.2023 06:50:53.065 GMT-0800,61.778000000000006,61.502,0.024,0.024
13.11.2023 06:50:53.122 GMT-0800,61.778999999999996,61.621,0.024,0.009
13.11.2023 06:51:00.332 GMT-0800,61.778000000000006,61.652,0.009,0.009
13.11.2023 06:51:00.383 GMT-0800,61.869,61.621,0.024,0.024
13.11.2023 06:51:00.794 GMT-0800,61.868,61.562,0.024,0.024
13.11.2023 06:51:02.120 GMT-0800,61.868,61.582,0.024,0.009
13.11.2023 06:51:02.952 GMT-0800,61.869,61.581,0.024,0.022
13.11.2023 06:51:05.763 GMT-0800,61.868,61.632,0.024,0.024
13.11.2023 06:51:07.425 GMT-0800,61.868,61.652,0.024,0.009
13.11.2023 06:51:12.456 GMT-0800,61.888000000000005,61.652,0.024,0.024
13.11.2023 06:51:12.578 GMT-0800,61.908,61.652,0.024,0.024
13.11.2023 06:51:12.929 GMT-0800,61.888999999999996,61.651,0.009,0.024
13.11.2023 06:51:14.188 GMT-0800,61.909,61.651,0.024,0.024
13.11.2023 06:51:14.785 GMT-0800,61.908,61.672,0.024,0.009
13.11.2023 06:51:16.541 GMT-0800,61.908,61.682,0.024,0.009
13.11.2023 06:51:16.690 GMT-0800,61.908,61.702,0.024,0.009
13.11.2023 06:51:17.505 GMT-0800,61.918000000000006,61.702,0.024,0.024
13.11.2023 06:51:17.770 GMT-0800,61.838,61.702,0.009,0.024
13.11.2023 06:51:18.418 GMT-0800,61.829,61.70100000000001,0.009,0.009
13.11.2023 06:51:18.469 GMT-0800,61.838,61.652,0.024,0.024
13.11.2023 06:51:22.938 GMT-0800,61.838,61.612,0.024,0.024
13.11.2023 06:51:23.094 GMT-0800,61.839,61.63100000000001,0.024,0.009
13.11.2023 06:51:40.036 GMT-0800,61.838,61.602,0.024,0.024
13.11.2023 06:51:40.125 GMT-0800,61.808,61.612,0.009,0.009
13.11.2023 06:51:45.301 GMT-0800,61.788999999999994,61.611000000000004,0.009,0.024
13.11.2023 06:51:52.757 GMT-0800,61.788000000000004,61.602,0.024,0.024
13.11.2023 06:51:53.195 GMT-0800,61.788000000000004,61.652,0.024,0.009
13.11.2023 06:51:54.806 GMT-0800,61.788000000000004,61.662,0.009,0.009
13.11.2023 06:51:54.857 GMT-0800,61.838,61.652,0.024,0.024
13.11.2023 06:52:01.668 GMT-0800,61.829,61.651,0.009,0.024
13.11.2023 06:52:07.307 GMT-0800,61.828,61.602,0.024,0.024
13.11.2023 06:52:11.315 GMT-0800,61.828,61.682,0.009,0.009
13.11.2023 06:52:11.366 GMT-0800,61.839,61.66100000000001,0.024,0.024
13.11.2023 06:52:11.734 GMT-0800,61.838,61.672,0.024,0.009
13.11.2023 06:52:13.797 GMT-0800,61.839,61.66100000000001,0.024,0.024
13.11.2023 06:52:16.876 GMT-0800,61.829,61.66100000000001,0.009,0.024
13.11.2023 06:52:27.214 GMT-0800,61.828,61.622,0.024,0.024
13.11.2023 06:52:32.710 GMT-0800,61.838,61.622,0.024,0.024
13.11.2023 06:52:33.064 GMT-0800,61.839,61.641000000000005,0.024,0.009
13.11.2023 06:52:33.928 GMT-0800,61.808,61.642,0.009,0.024
13.11.2023 06:52:36.907 GMT-0800,61.778000000000006,61.642,0.009,0.009
13.11.2023 06:52:36.957 GMT-0800,61.799,61.641000000000005,0.009,0.009
13.11.2023 06:52:37.008 GMT-0800,61.798,61.582,0.024,0.024
13.11.2023 06:52:37.109 GMT-0800,61.808,61.582,0.024,0.024
13.11.2023 06:52:39.050 GMT-0800,61.798,61.612,0.009,0.009
13.11.2023 06:52:39.151 GMT-0800,61.798,61.592,0.024,0.024
13.11.2023 06:52:39.275 GMT-0800,61.778000000000006,61.592,0.009,0.024
13.11.2023 06:52:41.463 GMT-0800,61.809,61.59100000000001,0.024,0.024
13.11.2023 06:52:50.064 GMT-0800,61.708000000000006,61.592,0.009,0.009
13.11.2023 06:52:50.114 GMT-0800,61.708999999999996,61.56100000000001,0.024,0.024
13.11.2023 06:52:54.359 GMT-0800,61.798,61.562,0.024,0.024
13.11.2023 06:52:55.317 GMT-0800,61.808,61.562,0.024,0.024
13.11.2023 06:53:05.794 GMT-0800,61.808,61.512,0.024,0.024
13.11.2023 06:53:06.700 GMT-0800,61.778000000000006,61.512,0.009,0.024
13.11.2023 06:53:06.858 GMT-0800,61.778999999999996,61.511,0.024,0.022
13.11.2023 06:53:11.750 GMT-0800,61.768,61.572,0.009,0.024
13.11.2023 06:53:16.767 GMT-0800,61.808,61.572,0.024,0.024
13.11.2023 06:53:22.471 GMT-0800,61.808,61.532,0.024,0.024
13.11.2023 06:53:22.669 GMT-0800,61.809,61.581,0.024,0.009
13.11.2023 06:53:37.730 GMT-0800,61.758,61.582,0.009,0.024
13.11.2023 06:53:38.470 GMT-0800,61.748000000000005,61.592,0.009,0.009
13.11.2023 06:53:39.516 GMT-0800,61.758,61.592,0.024,0.024
13.11.2023 06:53:43.749 GMT-0800,61.748999999999995,61.59100000000001,0.009,0.024
13.11.2023 06:53:50.997 GMT-0800,61.73800000000001,61.592,0.009,0.009
13.11.2023 06:53:51.048 GMT-0800,61.73800000000001,61.562,0.024,0.024
13.11.2023 06:53:52.054 GMT-0800,61.748999999999995,61.56100000000001,0.024,0.024
13.11.2023 06:53:54.905 GMT-0800,61.719,61.56100000000001,0.009,0.024
13.11.2023 06:53:57.543 GMT-0800,61.748000000000005,61.562,0.024,0.024
13.11.2023 06:54:06.286 GMT-0800,61.748000000000005,61.592,0.024,0.009
13.11.2023 06:54:09.321 GMT-0800,61.748000000000005,61.562,0.024,0.024
13.11.2023 06:54:25.463 GMT-0800,61.748000000000005,61.572,0.024,0.009
13.11.2023 06:54:37.607 GMT-0800,61.748999999999995,61.611000000000004,0.009,0.009
13.11.2023 06:54:37.657 GMT-0800,61.818000000000005,61.572,0.024,0.024
13.11.2023 06:54:37.708 GMT-0800,61.839,61.571000000000005,0.024,0.024
13.11.2023 06:54:39.608 GMT-0800,61.818000000000005,61.572,0.009,0.024
13.11.2023 06:54:40.993 GMT-0800,61.818000000000005,61.532,0.024,0.024
13.11.2023 06:54:41.043 GMT-0800,61.818000000000005,61.532,0.024,0.022
13.11.2023 06:54:46.549 GMT-0800,61.808,61.602,0.009,0.009
13.11.2023 06:54:46.604 GMT-0800,61.809,61.511,0.024,0.024
13.11.2023 06:54:46.831 GMT-0800,61.808,61.512,0.024,0.022
13.11.2023 06:54:47.549 GMT-0800,61.818000000000005,61.572,0.024,0.024
13.11.2023 06:54:49.310 GMT-0800,61.828,61.572,0.024,0.024
13.11.2023 06:54:49.873 GMT-0800,61.818999999999996,61.571000000000005,0.009,0.024
13.11.2023 06:54:58.731 GMT-0800,61.748000000000005,61.602,0.009,0.009
13.11.2023 06:54:58.782 GMT-0800,61.809,61.571000000000005,0.022,0.009
13.11.2023 06:54:58.833 GMT-0800,61.808,61.522,0.024,0.024
13.11.2023 06:54:58.883 GMT-0800,61.808,61.522,0.024,0.022
13.11.2023 06:55:01.782 GMT-0800,61.839,61.621,0.024,0.024
13.11.2023 06:55:03.750 GMT-0800,61.768,61.622,0.009,0.009
13.11.2023 06:55:03.800 GMT-0800,61.808,61.572,0.024,0.024
13.11.2023 06:55:05.032 GMT-0800,61.838,61.572,0.024,0.024
13.11.2023 06:55:06.119 GMT-0800,61.838,61.582,0.024,0.009
13.11.2023 06:55:06.711 GMT-0800,61.778000000000006,61.582,0.009,0.024
13.11.2023 06:55:11.751 GMT-0800,61.838,61.582,0.024,0.024
13.11.2023 06:55:14.226 GMT-0800,61.809,61.581,0.009,0.024
13.11.2023 06:55:15.992 GMT-0800,61.828,61.582,0.024,0.024
13.11.2023 06:55:16.434 GMT-0800,61.808,61.582,0.009,0.024
13.11.2023 06:55:16.594 GMT-0800,61.828,61.582,0.024,0.024
13.11.2023 06:55:17.270 GMT-0800,61.838,61.582,0.024,0.024
13.11.2023 06:55:17.683 GMT-0800,61.829,61.581,0.009,0.024
13.11.2023 06:55:17.794 GMT-0800,61.839,61.581,0.024,0.024
13.11.2023 06:55:17.845 GMT-0800,61.828,61.582,0.024,0.024
13.11.2023 06:55:18.733 GMT-0800,61.839,61.581,0.024,0.024
13.11.2023 06:55:20.156 GMT-0800,61.829,61.581,0.009,0.024
13.11.2023 06:55:20.979 GMT-0800,61.808,61.582,0.009,0.024
13.11.2023 06:55:27.229 GMT-0800,61.829,61.581,0.024,0.024
13.11.2023 06:55:27.565 GMT-0800,61.838,61.582,0.024,0.024
13.11.2023 06:55:27.747 GMT-0800,61.818999999999996,61.581,0.009,0.024
13.11.2023 06:55:39.086 GMT-0800,61.788000000000004,61.582,0.009,0.024
13.11.2023 06:55:39.136 GMT-0800,61.809,61.581,0.024,0.024
13.11.2023 06:55:43.990 GMT-0800,61.818999999999996,61.581,0.024,0.024
13.11.2023 06:55:44.159 GMT-0800,61.818000000000005,61.592,0.024,0.009
13.11.2023 06:55:47.051 GMT-0800,61.818999999999996,61.581,0.024,0.024
13.11.2023 06:55:49.785 GMT-0800,61.799,61.581,0.009,0.024
13.11.2023 06:55:50.377 GMT-0800,61.818000000000005,61.582,0.024,0.024
13.11.2023 06:55:50.568 GMT-0800,61.839,61.581,0.024,0.024
13.11.2023 06:55:50.891 GMT-0800,61.829,61.581,0.009,0.024
13.11.2023 06:55:51.039 GMT-0800,61.818999999999996,61.581,0.009,0.024
13.11.2023 06:55:51.089 GMT-0800,61.838,61.582,0.024,0.024
13.11.2023 06:55:51.509 GMT-0800,61.818000000000005,61.582,0.024,0.024
13.11.2023 06:55:58.871 GMT-0800,61.838,61.582,0.024,0.024
13.11.2023 06:55:58.921 GMT-0800,61.818000000000005,61.582,0.024,0.024
13.11.2023 06:55:59.592 GMT-0800,61.839,61.59100000000001,0.024,0.024
13.11.2023 06:56:00.598 GMT-0800,61.818999999999996,61.59100000000001,0.024,0.024
13.11.2023 06:56:00.649 GMT-0800,61.838,61.592,0.024,0.024
13.11.2023 06:56:00.699 GMT-0800,61.818000000000005,61.592,0.024,0.024
13.11.2023 06:56:00.981 GMT-0800,61.818000000000005,61.582,0.024,0.024
13.11.2023 06:56:02.578 GMT-0800,61.838,61.582,0.024,0.024
13.11.2023 06:56:04.159 GMT-0800,61.828,61.582,0.009,0.024
13.11.2023 06:56:04.269 GMT-0800,61.828,61.612,0.009,0.009
13.11.2023 06:56:08.202 GMT-0800,61.809,61.611000000000004,0.009,0.024
13.11.2023 06:56:11.191 GMT-0800,61.828,61.612,0.024,0.024
13.11.2023 06:56:11.418 GMT-0800,61.839,61.611000000000004,0.024,0.024
13.11.2023 06:56:11.710 GMT-0800,61.828,61.612,0.009,0.024
13.11.2023 06:56:12.050 GMT-0800,61.839,61.611000000000004,0.024,0.024
13.11.2023 06:56:12.152 GMT-0800,61.838,61.622,0.024,0.009
13.11.2023 06:56:13.911 GMT-0800,61.838,61.612,0.024,0.024
13.11.2023 06:56:18.834 GMT-0800,61.808,61.612,0.009,0.024
13.11.2023 06:56:20.565 GMT-0800,61.809,61.59100000000001,0.024,0.024
13.11.2023 06:56:20.784 GMT-0800,61.808,61.642,0.024,0.009
13.11.2023 06:56:25.608 GMT-0800,61.799,61.641000000000005,0.009,0.009
13.11.2023 06:56:25.658 GMT-0800,61.799,61.611000000000004,0.024,0.024
13.11.2023 06:56:26.661 GMT-0800,61.809,61.611000000000004,0.024,0.024
13.11.2023 06:56:58.439 GMT-0800,61.798,61.612,0.009,0.009
13.11.2023 06:56:58.490 GMT-0800,61.768,61.522,0.024,0.024
13.11.2023 06:56:59.017 GMT-0800,61.798,61.562,0.024,0.009
13.11.2023 06:56:59.505 GMT-0800,61.808,61.562,0.024,0.024
13.11.2023 06:57:08.204 GMT-0800,61.798,61.562,0.009,0.024
13.11.2023 06:57:08.255 GMT-0800,61.808,61.562,0.024,0.024
13.11.2023 06:57:08.520 GMT-0800,61.798,61.562,0.009,0.024
13.11.2023 06:57:08.570 GMT-0800,61.808,61.562,0.024,0.024
13.11.2023 06:57:09.391 GMT-0800,61.808,61.532,0.024,0.024
13.11.2023 06:57:09.655 GMT-0800,61.808,61.532,0.024,0.022
13.11.2023 06:57:10.720 GMT-0800,61.778999999999996,61.601000000000006,0.009,0.024
13.11.2023 06:57:12.449 GMT-0800,61.778000000000006,61.612,0.024,0.009
13.11.2023 06:57:15.804 GMT-0800,61.799,61.611000000000004,0.024,0.024
13.11.2023 06:57:17.050 GMT-0800,61.799,61.601000000000006,0.024,0.024
13.11.2023 06:57:25.789 GMT-0800,61.778999999999996,61.601000000000006,0.009,0.024
13.11.2023 06:57:27.672 GMT-0800,61.778000000000006,61.612,0.024,0.009
13.11.2023 06:57:30.795 GMT-0800,61.788000000000004,61.612,0.024,0.024
13.11.2023 06:57:33.707 GMT-0800,61.788000000000004,61.642,0.009,0.009
13.11.2023 06:57:33.758 GMT-0800,61.808,61.612,0.024,0.024
13.11.2023 06:57:33.902 GMT-0800,61.808,61.652,0.024,0.009
13.11.2023 06:57:46.305 GMT-0800,61.809,61.66100000000001,0.009,0.009
13.11.2023 06:57:46.407 GMT-0800,61.808,61.652,0.009,0.024
13.11.2023 06:57:46.460 GMT-0800,61.818999999999996,61.651,0.024,0.024
13.11.2023 06:57:50.767 GMT-0800,61.838,61.652,0.024,0.024
13.11.2023 06:57:56.265 GMT-0800,61.838,61.672,0.024,0.009
13.11.2023 06:57:56.713 GMT-0800,61.838,61.682,0.024,0.009
13.11.2023 06:57:57.596 GMT-0800,61.838,61.672,0.024,0.024
13.11.2023 06:58:00.466 GMT-0800,61.829,61.67100000000001,0.009,0.009
13.11.2023 06:58:00.517 GMT-0800,61.828,61.652,0.024,0.024
13.11.2023 06:58:01.504 GMT-0800,61.838,61.652,0.024,0.024
13.11.2023 06:58:15.699 GMT-0800,61.838,61.672,0.024,0.009
13.11.2023 06:58:20.424 GMT-0800,61.818999999999996,61.67100000000001,0.009,0.009
13.11.2023 06:58:20.525 GMT-0800,61.828,61.672,0.009,0.009
13.11.2023 06:58:20.576 GMT-0800,61.838,61.652,0.024,0.024
13.11.2023 06:58:20.826 GMT-0800,61.839,61.621,0.024,0.024
13.11.2023 06:58:24.845 GMT-0800,61.839,61.63100000000001,0.024,0.009
13.11.2023 06:58:37.895 GMT-0800,61.838,61.652,0.024,0.009
13.11.2023 06:58:45.221 GMT-0800,61.768,61.652,0.009,0.009
13.11.2023 06:58:45.347 GMT-0800,61.768,61.612,0.024,0.024
13.11.2023 06:59:02.530 GMT-0800,61.769,61.541000000000004,0.024,0.024
13.11.2023 06:59:02.657 GMT-0800,61.768,61.602,0.024,0.009
13.11.2023 06:59:13.740 GMT-0800,61.759,61.601000000000006,0.009,0.009
13.11.2023 06:59:13.791 GMT-0800,61.769,61.56100000000001,0.024,0.024
13.11.2023 06:59:29.051 GMT-0800,61.768,61.492,0.024,0.024
13.11.2023 06:59:29.882 GMT-0800,61.768,61.542,0.024,0.009
13.11.2023 06:59:35.672 GMT-0800,61.769,61.56100000000001,0.024,0.009
13.11.2023 06:59:37.655 GMT-0800,61.768,61.592,0.024,0.009
13.11.2023 06:59:45.679 GMT-0800,61.769,61.611000000000004,0.024,0.009
13.11.2023 07:00:03.177 GMT-0800,61.758,61.612,0.009,0.009
13.11.2023 07:00:03.228 GMT-0800,61.758,61.602,0.024,0.024
13.11.2023 07:00:03.279 GMT-0800,61.768,61.602,0.024,0.024
13.11.2023 07:00:10.096 GMT-0800,61.759,61.601000000000006,0.009,0.024
13.11.2023 07:00:10.864 GMT-0800,61.728,61.602,0.009,0.009
13.11.2023 07:00:10.978 GMT-0800,61.758,61.602,0.024,0.009
13.11.2023 07:00:11.029 GMT-0800,61.759,61.551,0.024,0.024
13.11.2023 07:00:25.837 GMT-0800,61.769,61.551,0.024,0.024
13.11.2023 07:00:25.901 GMT-0800,61.728,61.552,0.009,0.024
13.11.2023 07:00:31.122 GMT-0800,61.728,61.562,0.024,0.009
13.11.2023 07:00:40.976 GMT-0800,61.769,61.56100000000001,0.024,0.024
13.11.2023 07:00:41.065 GMT-0800,61.748999999999995,61.56100000000001,0.009,0.024
13.11.2023 07:00:47.181 GMT-0800,61.748000000000005,61.502,0.024,0.024
13.11.2023 07:00:49.634 GMT-0800,61.73800000000001,61.502,0.009,0.024
13.11.2023 07:00:49.773 GMT-0800,61.689,61.501000000000005,0.009,0.024
13.11.2023 07:01:00.229 GMT-0800,61.678999999999995,61.501000000000005,0.009,0.024
13.11.2023 07:01:05.079 GMT-0800,61.668000000000006,61.502,0.009,0.024
13.11.2023 07:01:20.165 GMT-0800,61.658,61.502,0.009,0.024
13.11.2023 07:01:22.343 GMT-0800,61.659,61.511,0.024,0.009
13.11.2023 07:01:22.445 GMT-0800,61.658,61.522,0.024,0.009
13.11.2023 07:01:22.851 GMT-0800,61.668000000000006,61.522,0.024,0.024
13.11.2023 07:01:23.537 GMT-0800,61.678000000000004,61.542,0.024,0.024
13.11.2023 07:01:23.684 GMT-0800,61.678000000000004,61.492,0.024,0.024
13.11.2023 07:01:24.504 GMT-0800,61.728,61.492,0.024,0.024
13.11.2023 07:01:24.900 GMT-0800,61.678999999999995,61.49100000000001,0.024,0.024
13.11.2023 07:01:26.296 GMT-0800,61.708000000000006,61.502,0.024,0.024
13.11.2023 07:01:26.472 GMT-0800,61.708000000000006,61.492,0.024,0.024
13.11.2023 07:01:26.754 GMT-0800,61.748000000000005,61.502,0.024,0.024
13.11.2023 07:01:26.862 GMT-0800,61.739,61.501000000000005,0.009,0.024
13.11.2023 07:01:27.878 GMT-0800,61.73800000000001,61.512,0.024,0.009
13.11.2023 07:01:28.099 GMT-0800,61.73800000000001,61.562,0.024,0.009
13.11.2023 07:01:28.729 GMT-0800,61.73800000000001,61.592,0.024,0.009
13.11.2023 07:01:28.832 GMT-0800,61.73800000000001,61.562,0.009,0.024
13.11.2023 07:01:29.165 GMT-0800,61.769,61.56100000000001,0.024,0.024
13.11.2023 07:01:29.727 GMT-0800,61.73800000000001,61.562,0.009,0.024
13.11.2023 07:01:29.778 GMT-0800,61.758,61.562,0.024,0.024
13.11.2023 07:01:30.163 GMT-0800,61.73800000000001,61.562,0.009,0.024
13.11.2023 07:01:30.213 GMT-0800,61.759,61.56100000000001,0.012,0.009
13.11.2023 07:01:30.264 GMT-0800,61.668000000000006,61.512,0.024,0.024
13.11.2023 07:01:31.227 GMT-0800,61.658,61.512,0.009,0.009
13.11.2023 07:01:31.278 GMT-0800,61.658,61.482,0.009,0.024
13.11.2023 07:01:31.366 GMT-0800,61.668000000000006,61.482,0.024,0.024
13.11.2023 07:01:31.417 GMT-0800,61.668000000000006,61.472,0.024,0.024
13.11.2023 07:01:31.683 GMT-0800,61.638999999999996,61.471000000000004,0.009,0.024
13.11.2023 07:01:31.789 GMT-0800,61.638000000000005,61.482,0.024,0.024
13.11.2023 07:01:31.841 GMT-0800,61.668000000000006,61.482,0.024,0.024
13.11.2023 07:01:32.015 GMT-0800,61.668000000000006,61.532,0.009,0.009
13.11.2023 07:01:32.066 GMT-0800,61.769,61.481,0.022,0.009
13.11.2023 07:01:32.167 GMT-0800,61.708000000000006,61.442,0.009,0.024
13.11.2023 07:01:32.358 GMT-0800,61.768,61.442,0.024,0.024
13.11.2023 07:01:32.481 GMT-0800,61.759,61.441,0.009,0.009
13.11.2023 07:01:32.534 GMT-0800,61.758,61.292,0.024,0.024
13.11.2023 07:01:32.622 GMT-0800,61.758,61.292,0.024,0.022
13.11.2023 07:01:32.906 GMT-0800,61.758,61.452,0.024,0.024
13.11.2023 07:01:33.037 GMT-0800,61.758,61.461999999999996,0.024,0.009
13.11.2023 07:01:33.088 GMT-0800,61.759,61.45100000000001,0.024,0.024
13.11.2023 07:01:33.529 GMT-0800,61.759,61.471000000000004,0.024,0.009
13.11.2023 07:01:34.020 GMT-0800,61.708000000000006,61.472,0.009,0.024
13.11.2023 07:01:34.456 GMT-0800,61.708000000000006,61.522,0.024,0.009
13.11.2023 07:01:35.366 GMT-0800,61.708000000000006,61.532,0.024,0.024
13.11.2023 07:01:36.471 GMT-0800,61.698,61.532,0.009,0.024
13.11.2023 07:01:36.906 GMT-0800,61.708000000000006,61.472,0.024,0.024
13.11.2023 07:01:37.031 GMT-0800,61.768,61.472,0.022,0.022
13.11.2023 07:01:37.082 GMT-0800,61.769,61.531000000000006,0.024,0.024
13.11.2023 07:01:37.204 GMT-0800,61.769,61.461000000000006,0.024,0.024
13.11.2023 07:01:37.541 GMT-0800,61.768,61.472,0.024,0.009
13.11.2023 07:01:37.728 GMT-0800,61.768,61.461999999999996,0.024,0.024
13.11.2023 07:01:38.049 GMT-0800,61.708999999999996,61.461000000000006,0.009,0.024
13.11.2023 07:01:38.515 GMT-0800,61.708000000000006,61.562,0.024,0.009
13.11.2023 07:01:38.566 GMT-0800,61.768,61.562,0.024,0.024
13.11.2023 07:01:39.101 GMT-0800,61.758,61.562,0.009,0.024
13.11.2023 07:01:39.377 GMT-0800,61.758,61.472,0.024,0.024
13.11.2023 07:01:39.478 GMT-0800,61.758,61.592,0.024,0.024
13.11.2023 07:01:39.695 GMT-0800,61.759,61.471000000000004,0.024,0.024
13.11.2023 07:01:40.178 GMT-0800,61.769,61.471000000000004,0.024,0.024
13.11.2023 07:01:40.947 GMT-0800,61.768,61.482,0.024,0.009
13.11.2023 07:01:43.868 GMT-0800,61.758,61.482,0.009,0.024
13.11.2023 07:01:44.726 GMT-0800,61.768,61.452,0.024,0.024
13.11.2023 07:01:44.855 GMT-0800,61.768,61.472,0.024,0.009
13.11.2023 07:01:45.817 GMT-0800,61.768,61.502,0.024,0.009
13.11.2023 07:01:49.334 GMT-0800,61.759,61.501000000000005,0.009,0.024
13.11.2023 07:01:49.553 GMT-0800,61.758,61.472,0.024,0.024
13.11.2023 07:01:51.816 GMT-0800,61.758,61.492,0.024,0.009
13.11.2023 07:01:51.918 GMT-0800,61.769,61.471000000000004,0.024,0.024
13.11.2023 07:01:53.185 GMT-0800,61.769,61.45100000000001,0.024,0.024
13.11.2023 07:01:53.397 GMT-0800,61.699,61.45100000000001,0.009,0.024
13.11.2023 07:01:55.341 GMT-0800,61.698,61.472,0.024,0.009
13.11.2023 07:01:56.256 GMT-0800,61.698,61.442,0.024,0.024
13.11.2023 07:01:58.243 GMT-0800,61.699,61.331,0.024,0.024
13.11.2023 07:01:58.554 GMT-0800,61.699,61.331,0.024,0.022
13.11.2023 07:02:02.477 GMT-0800,61.698,61.442,0.024,0.024
13.11.2023 07:02:02.815 GMT-0800,61.699,61.461000000000006,0.024,0.009
13.11.2023 07:02:04.139 GMT-0800,61.698,61.472,0.024,0.009
13.11.2023 07:02:06.354 GMT-0800,61.698,61.461999999999996,0.024,0.024
13.11.2023 07:02:09.872 GMT-0800,61.768,61.461999999999996,0.024,0.024
13.11.2023 07:02:10.155 GMT-0800,61.678999999999995,61.471000000000004,0.009,0.009
13.11.2023 07:02:10.206 GMT-0800,61.678000000000004,61.442,0.024,0.024
13.11.2023 07:02:14.048 GMT-0800,61.678999999999995,61.461000000000006,0.024,0.009
13.11.2023 07:02:16.909 GMT-0800,61.678999999999995,61.441,0.024,0.024
13.11.2023 07:02:17.291 GMT-0800,61.678000000000004,61.461999999999996,0.024,0.009
13.11.2023 07:02:17.676 GMT-0800,61.678000000000004,61.442,0.024,0.024
13.11.2023 07:02:18.059 GMT-0800,61.678999999999995,61.461000000000006,0.024,0.009
13.11.2023 07:02:18.160 GMT-0800,61.678000000000004,61.442,0.024,0.024
13.11.2023 07:02:18.370 GMT-0800,61.678999999999995,61.45100000000001,0.024,0.009
13.11.2023 07:02:18.582 GMT-0800,61.678000000000004,61.482,0.024,0.024
13.11.2023 07:02:26.821 GMT-0800,61.728,61.482,0.024,0.024
13.11.2023 07:02:27.551 GMT-0800,61.699,61.481,0.009,0.024
13.11.2023 07:02:34.640 GMT-0800,61.698,61.442,0.024,0.024
13.11.2023 07:02:34.804 GMT-0800,61.699,61.45100000000001,0.024,0.009
13.11.2023 07:02:35.805 GMT-0800,61.698,61.461999999999996,0.024,0.009
13.11.2023 07:02:36.022 GMT-0800,61.688,61.461999999999996,0.009,0.024
13.11.2023 07:02:36.123 GMT-0800,61.688,61.492,0.024,0.024
13.11.2023 07:02:36.524 GMT-0800,61.688,61.512,0.024,0.009
13.11.2023 07:02:38.100 GMT-0800,61.688,61.522,0.024,0.009
13.11.2023 07:03:12.321 GMT-0800,61.688,61.552,0.024,0.009
13.11.2023 07:03:12.433 GMT-0800,61.688,61.522,0.024,0.024
13.11.2023 07:03:20.255 GMT-0800,61.719,61.52100000000001,0.024,0.024
13.11.2023 07:03:24.274 GMT-0800,61.718,61.532,0.024,0.009
13.11.2023 07:03:30.914 GMT-0800,61.719,61.551,0.009,0.009
13.11.2023 07:03:30.998 GMT-0800,61.729,61.551,0.024,0.024
13.11.2023 07:03:32.283 GMT-0800,61.728,61.562,0.024,0.009
13.11.2023 07:03:33.824 GMT-0800,61.768,61.562,0.024,0.024
13.11.2023 07:03:53.998 GMT-0800,61.698,61.562,0.009,0.009
13.11.2023 07:03:54.049 GMT-0800,61.698,61.552,0.024,0.024
13.11.2023 07:03:54.354 GMT-0800,61.698,61.562,0.024,0.009
13.11.2023 07:03:55.039 GMT-0800,61.698,61.572,0.009,0.009
13.11.2023 07:03:55.089 GMT-0800,61.768,61.562,0.024,0.024
13.11.2023 07:03:55.261 GMT-0800,61.759,61.56100000000001,0.009,0.024
13.11.2023 07:03:59.407 GMT-0800,61.768,61.562,0.024,0.024
13.11.2023 07:03:59.812 GMT-0800,61.688,61.562,0.009,0.009
13.11.2023 07:03:59.863 GMT-0800,61.689,61.531000000000006,0.024,0.024
13.11.2023 07:03:59.962 GMT-0800,61.678000000000004,61.532,0.009,0.024
13.11.2023 07:04:00.018 GMT-0800,61.669,61.461000000000006,0.024,0.024
13.11.2023 07:04:00.069 GMT-0800,61.688,61.522,0.024,0.009
13.11.2023 07:04:11.432 GMT-0800,61.688,61.482,0.024,0.024
13.11.2023 07:04:15.074 GMT-0800,61.719,61.481,0.024,0.024
13.11.2023 07:04:15.167 GMT-0800,61.668000000000006,61.482,0.009,0.024
13.11.2023 07:04:25.802 GMT-0800,61.668000000000006,61.461999999999996,0.024,0.024
13.11.2023 07:04:30.361 GMT-0800,61.718,61.461999999999996,0.024,0.024
13.11.2023 07:04:30.902 GMT-0800,61.678999999999995,61.461000000000006,0.009,0.024
13.11.2023 07:04:33.826 GMT-0800,61.649,61.461000000000006,0.009,0.024
13.11.2023 07:04:35.051 GMT-0800,61.638000000000005,61.461999999999996,0.009,0.024
13.11.2023 07:04:35.203 GMT-0800,61.648,61.461999999999996,0.024,0.024
13.11.2023 07:04:35.420 GMT-0800,61.678999999999995,61.461000000000006,0.024,0.024
13.11.2023 07:04:36.078 GMT-0800,61.648,61.461999999999996,0.009,0.024
13.11.2023 07:04:36.825 GMT-0800,61.638000000000005,61.461999999999996,0.009,0.024
13.11.2023 07:04:36.937 GMT-0800,61.748999999999995,61.541000000000004,0.009,0.009
13.11.2023 07:04:37.038 GMT-0800,61.748000000000005,61.461999999999996,0.024,0.024
13.11.2023 07:04:37.361 GMT-0800,61.748000000000005,61.452,0.024,0.024
13.11.2023 07:04:38.078 GMT-0800,61.768,61.452,0.024,0.024
13.11.2023 07:04:40.444 GMT-0800,61.758,61.452,0.009,0.024
13.11.2023 07:04:40.545 GMT-0800,61.759,61.441,0.024,0.024
13.11.2023 07:04:40.790 GMT-0800,61.758,61.461999999999996,0.024,0.009
13.11.2023 07:04:43.317 GMT-0800,61.769,61.461000000000006,0.024,0.024
13.11.2023 07:04:46.534 GMT-0800,61.769,61.45100000000001,0.024,0.024
13.11.2023 07:04:49.463 GMT-0800,61.768,61.442,0.024,0.024
13.11.2023 07:04:49.747 GMT-0800,61.768,61.452,0.024,0.009
13.11.2023 07:04:50.038 GMT-0800,61.769,61.441,0.024,0.024
13.11.2023 07:04:50.592 GMT-0800,61.768,61.452,0.024,0.009
13.11.2023 07:04:54.356 GMT-0800,61.728,61.452,0.009,0.024
13.11.2023 07:04:58.761 GMT-0800,61.768,61.452,0.024,0.024
13.11.2023 07:04:59.030 GMT-0800,61.73800000000001,61.461999999999996,0.009,0.009
13.11.2023 07:04:59.131 GMT-0800,61.768,61.461999999999996,0.024,0.024
13.11.2023 07:05:00.084 GMT-0800,61.769,61.45100000000001,0.024,0.024
13.11.2023 07:05:01.754 GMT-0800,61.768,61.472,0.024,0.009
13.11.2023 07:05:03.742 GMT-0800,61.678000000000004,61.472,0.009,0.024
13.11.2023 07:05:04.069 GMT-0800,61.658,61.472,0.009,0.024
13.11.2023 07:05:07.026 GMT-0800,61.659,61.461000000000006,0.024,0.024
13.11.2023 07:05:08.503 GMT-0800,61.658,61.442,0.024,0.024
13.11.2023 07:05:10.137 GMT-0800,61.649,61.441,0.009,0.024
13.11.2023 07:05:10.369 GMT-0800,61.759,61.441,0.024,0.024
13.11.2023 07:05:10.591 GMT-0800,61.719,61.441,0.009,0.024
13.11.2023 07:05:10.695 GMT-0800,61.658,61.452,0.024,0.024
13.11.2023 07:05:12.720 GMT-0800,61.658,61.461999999999996,0.024,0.009
13.11.2023 07:05:13.856 GMT-0800,61.619,61.461000000000006,0.009,0.024
13.11.2023 07:05:13.907 GMT-0800,61.608000000000004,61.442,0.009,0.009
13.11.2023 07:05:13.958 GMT-0800,61.618,61.412,0.024,0.024
13.11.2023 07:05:15.035 GMT-0800,61.619,61.441,0.024,0.009
13.11.2023 07:05:17.027 GMT-0800,61.588,61.442,0.009,0.009
13.11.2023 07:05:17.078 GMT-0800,61.618,61.422,0.024,0.024
13.11.2023 07:05:20.220 GMT-0800,61.598000000000006,61.422,0.009,0.024
13.11.2023 07:05:20.322 GMT-0800,61.588,61.391999999999996,0.024,0.024
13.11.2023 07:05:35.957 GMT-0800,61.589,61.371,0.024,0.024
13.11.2023 07:05:36.008 GMT-0800,61.588,61.402,0.024,0.009
13.11.2023 07:05:43.770 GMT-0800,61.568000000000005,61.402,0.009,0.024
13.11.2023 07:05:45.419 GMT-0800,61.568999999999996,61.441,0.009,0.009
13.11.2023 07:05:45.470 GMT-0800,61.588,61.442,0.024,0.024
13.11.2023 07:05:45.994 GMT-0800,61.589,61.45100000000001,0.009,0.009
13.11.2023 07:05:46.045 GMT-0800,61.598000000000006,61.442,0.024,0.024
13.11.2023 07:05:52.722 GMT-0800,61.568000000000005,61.442,0.009,0.009
13.11.2023 07:05:52.772 GMT-0800,61.568000000000005,61.382,0.009,0.024
13.11.2023 07:05:53.716 GMT-0800,61.568999999999996,61.411,0.024,0.009
13.11.2023 07:05:53.767 GMT-0800,61.578,61.412,0.024,0.024
13.11.2023 07:05:54.233 GMT-0800,61.579,61.431000000000004,0.009,0.009
13.11.2023 07:05:54.284 GMT-0800,61.599,61.431000000000004,0.024,0.024
13.11.2023 07:05:54.335 GMT-0800,61.599,61.38100000000001,0.024,0.024
13.11.2023 07:05:55.396 GMT-0800,61.598000000000006,61.412,0.024,0.009
13.11.2023 07:06:05.566 GMT-0800,61.598000000000006,61.391999999999996,0.024,0.024
13.11.2023 07:06:06.555 GMT-0800,61.598000000000006,61.382,0.024,0.024
13.11.2023 07:06:06.688 GMT-0800,61.598000000000006,61.391999999999996,0.024,0.009
13.11.2023 07:06:06.841 GMT-0800,61.598000000000006,61.382,0.024,0.024
13.11.2023 07:06:08.535 GMT-0800,61.598000000000006,61.391999999999996,0.024,0.009
13.11.2023 07:06:08.585 GMT-0800,61.598000000000006,61.382,0.024,0.024
13.11.2023 07:06:08.733 GMT-0800,61.598000000000006,61.402,0.024,0.009
13.11.2023 07:06:09.320 GMT-0800,61.598000000000006,61.461999999999996,0.009,0.009
13.11.2023 07:06:09.371 GMT-0800,61.618,61.442,0.024,0.024
13.11.2023 07:06:09.422 GMT-0800,61.618,61.402,0.024,0.024
13.11.2023 07:06:10.506 GMT-0800,61.608000000000004,61.402,0.009,0.024
13.11.2023 07:06:10.808 GMT-0800,61.618,61.402,0.024,0.024
13.11.2023 07:06:11.096 GMT-0800,61.618,61.452,0.024,0.009
13.11.2023 07:06:11.427 GMT-0800,61.619,61.461000000000006,0.024,0.009
13.11.2023 07:06:11.706 GMT-0800,61.608999999999995,61.461000000000006,0.009,0.009
13.11.2023 07:06:11.757 GMT-0800,61.618,61.452,0.024,0.024
13.11.2023 07:06:11.808 GMT-0800,61.618,61.461999999999996,0.024,0.009
13.11.2023 07:06:11.859 GMT-0800,61.618,61.452,0.024,0.009
13.11.2023 07:06:12.005 GMT-0800,61.618,61.391999999999996,0.024,0.024
13.11.2023 07:06:12.088 GMT-0800,61.619,61.45100000000001,0.024,0.009
13.11.2023 07:06:12.823 GMT-0800,61.608000000000004,61.452,0.009,0.024
13.11.2023 07:06:13.046 GMT-0800,61.608999999999995,61.401,0.024,0.009
13.11.2023 07:06:13.097 GMT-0800,61.608999999999995,61.391000000000005,0.024,0.024
13.11.2023 07:06:13.149 GMT-0800,61.608999999999995,61.401,0.024,0.024
13.11.2023 07:06:13.412 GMT-0800,61.618,61.391999999999996,0.024,0.024
13.11.2023 07:06:14.150 GMT-0800,61.618,61.372,0.024,0.024
13.11.2023 07:06:14.200 GMT-0800,61.619,61.38100000000001,0.024,0.024
13.11.2023 07:06:23.312 GMT-0800,61.608999999999995,61.38100000000001,0.009,0.024
13.11.2023 07:06:23.363 GMT-0800,61.619,61.38100000000001,0.024,0.024
13.11.2023 07:06:25.072 GMT-0800,61.608999999999995,61.38100000000001,0.009,0.024
13.11.2023 07:06:27.919 GMT-0800,61.618,61.422,0.024,0.024
13.11.2023 07:06:28.306 GMT-0800,61.618,61.432,0.024,0.009
13.11.2023 07:06:28.891 GMT-0800,61.619,61.461000000000006,0.009,0.009
13.11.2023 07:06:28.942 GMT-0800,61.648,61.461999999999996,0.024,0.024
13.11.2023 07:06:29.053 GMT-0800,61.648,61.432,0.024,0.024
13.11.2023 07:06:29.385 GMT-0800,61.648,61.461999999999996,0.024,0.009
13.11.2023 07:06:29.436 GMT-0800,61.648,61.432,0.024,0.024
13.11.2023 07:06:29.891 GMT-0800,61.638000000000005,61.432,0.009,0.024
13.11.2023 07:06:29.992 GMT-0800,61.649,61.431000000000004,0.024,0.024
13.11.2023 07:06:30.376 GMT-0800,61.648,61.382,0.024,0.024
13.11.2023 07:06:30.432 GMT-0800,61.648,61.432,0.024,0.024
13.11.2023 07:06:30.483 GMT-0800,61.648,61.382,0.024,0.024
13.11.2023 07:06:30.534 GMT-0800,61.648,61.422,0.024,0.024
13.11.2023 07:06:30.731 GMT-0800,61.649,61.38100000000001,0.024,0.024
13.11.2023 07:06:30.811 GMT-0800,61.648,61.422,0.024,0.009
13.11.2023 07:06:30.862 GMT-0800,61.648,61.382,0.024,0.024
13.11.2023 07:06:30.913 GMT-0800,61.648,61.402,0.024,0.024
13.11.2023 07:06:31.044 GMT-0800,61.649,61.38100000000001,0.024,0.024
13.11.2023 07:06:31.242 GMT-0800,61.648,61.422,0.024,0.009
13.11.2023 07:06:31.665 GMT-0800,61.628,61.412,0.024,0.024
13.11.2023 07:06:31.715 GMT-0800,61.628,61.382,0.024,0.024
13.11.2023 07:06:31.817 GMT-0800,61.628,61.461999999999996,0.024,0.024
13.11.2023 07:06:31.973 GMT-0800,61.648,61.461999999999996,0.024,0.024
13.11.2023 07:06:32.693 GMT-0800,61.719,61.461000000000006,0.024,0.024
13.11.2023 07:06:33.029 GMT-0800,61.718,61.482,0.024,0.009
13.11.2023 07:06:33.153 GMT-0800,61.648,61.482,0.009,0.024
13.11.2023 07:06:33.497 GMT-0800,61.648,61.422,0.024,0.024
13.11.2023 07:06:33.622 GMT-0800,61.758,61.422,0.022,0.022
13.11.2023 07:06:33.672 GMT-0800,61.758,61.502,0.024,0.024
13.11.2023 07:06:34.121 GMT-0800,61.689,61.501000000000005,0.009,0.024
13.11.2023 07:06:34.273 GMT-0800,61.728,61.502,0.024,0.024
13.11.2023 07:06:35.402 GMT-0800,61.728,61.522,0.024,0.024
13.11.2023 07:06:35.521 GMT-0800,61.688,61.502,0.024,0.024
13.11.2023 07:06:35.934 GMT-0800,61.748999999999995,61.481,0.024,0.024
13.11.2023 07:06:36.429 GMT-0800,61.73800000000001,61.482,0.024,0.024
13.11.2023 07:06:37.018 GMT-0800,61.73800000000001,61.532,0.024,0.009
13.11.2023 07:06:37.767 GMT-0800,61.739,61.461000000000006,0.024,0.024
13.11.2023 07:06:38.306 GMT-0800,61.729,61.461000000000006,0.009,0.024
13.11.2023 07:06:39.361 GMT-0800,61.728,61.482,0.024,0.009
13.11.2023 07:06:43.228 GMT-0800,61.678000000000004,61.482,0.009,0.024
13.11.2023 07:06:48.666 GMT-0800,61.678999999999995,61.45100000000001,0.024,0.024
13.11.2023 07:06:51.441 GMT-0800,61.678999999999995,61.49100000000001,0.024,0.009
13.11.2023 07:06:53.369 GMT-0800,61.678000000000004,61.472,0.024,0.024
13.11.2023 07:06:55.885 GMT-0800,61.678999999999995,61.531000000000006,0.024,0.009
13.11.2023 07:06:57.377 GMT-0800,61.748999999999995,61.531000000000006,0.024,0.024
13.11.2023 07:06:59.056 GMT-0800,61.678000000000004,61.532,0.009,0.024
13.11.2023 07:06:59.163 GMT-0800,61.669,61.531000000000006,0.009,0.024
13.11.2023 07:07:00.018 GMT-0800,61.659,61.45100000000001,0.024,0.024
13.11.2023 07:07:00.068 GMT-0800,61.658,61.472,0.024,0.024
13.11.2023 07:07:00.298 GMT-0800,61.658,61.442,0.024,0.024
13.11.2023 07:07:00.449 GMT-0800,61.658,61.422,0.024,0.024
13.11.2023 07:07:00.500 GMT-0800,61.728,61.422,0.024,0.024
13.11.2023 07:07:01.304 GMT-0800,61.658,61.422,0.009,0.024
13.11.2023 07:07:02.369 GMT-0800,61.748000000000005,61.422,0.024,0.024
13.11.2023 07:07:02.845 GMT-0800,61.748000000000005,61.442,0.024,0.009
13.11.2023 07:07:03.061 GMT-0800,61.659,61.441,0.009,0.009
13.11.2023 07:07:03.112 GMT-0800,61.658,61.422,0.024,0.024
13.11.2023 07:07:04.514 GMT-0800,61.659,61.441,0.024,0.009
13.11.2023 07:07:04.565 GMT-0800,61.659,61.391000000000005,0.024,0.024
13.11.2023 07:07:05.090 GMT-0800,61.658,61.442,0.024,0.009
13.11.2023 07:07:05.473 GMT-0800,61.658,61.391999999999996,0.024,0.024
13.11.2023 07:07:05.664 GMT-0800,61.659,61.42100000000001,0.024,0.009
13.11.2023 07:07:06.121 GMT-0800,61.658,61.391999999999996,0.024,0.024
13.11.2023 07:07:06.288 GMT-0800,61.659,61.42100000000001,0.024,0.009
13.11.2023 07:07:07.339 GMT-0800,61.658,61.382,0.024,0.024
13.11.2023 07:07:07.569 GMT-0800,61.659,61.42100000000001,0.024,0.009
13.11.2023 07:07:08.966 GMT-0800,61.658,61.382,0.024,0.024
13.11.2023 07:07:09.017 GMT-0800,61.658,61.422,0.024,0.009
13.11.2023 07:07:09.068 GMT-0800,61.658,61.382,0.024,0.024
13.11.2023 07:07:09.146 GMT-0800,61.658,61.422,0.024,0.009
13.11.2023 07:07:12.447 GMT-0800,61.658,61.382,0.024,0.024
13.11.2023 07:07:12.583 GMT-0800,61.658,61.492,0.024,0.009
13.11.2023 07:07:12.635 GMT-0800,61.628,61.391999999999996,0.024,0.024
13.11.2023 07:07:12.736 GMT-0800,61.659,61.38100000000001,0.024,0.024
13.11.2023 07:07:13.721 GMT-0800,61.659,61.401,0.024,0.009
13.11.2023 07:07:14.605 GMT-0800,61.658,61.422,0.024,0.009
13.11.2023 07:07:15.079 GMT-0800,61.758,61.442,0.024,0.024
13.11.2023 07:07:15.130 GMT-0800,61.758,61.452,0.024,0.024
13.11.2023 07:07:15.601 GMT-0800,61.678999999999995,61.461000000000006,0.009,0.009
13.11.2023 07:07:16.118 GMT-0800,61.73800000000001,61.461999999999996,0.024,0.024
13.11.2023 07:07:16.422 GMT-0800,61.73800000000001,61.402,0.024,0.024
13.11.2023 07:07:16.473 GMT-0800,61.73800000000001,61.412,0.024,0.009
13.11.2023 07:07:16.524 GMT-0800,61.73800000000001,61.402,0.024,0.024
13.11.2023 07:07:16.783 GMT-0800,61.758,61.402,0.024,0.024
13.11.2023 07:07:16.947 GMT-0800,61.758,61.452,0.024,0.024
13.11.2023 07:07:16.998 GMT-0800,61.758,61.402,0.024,0.024
13.11.2023 07:07:17.049 GMT-0800,61.759,61.411,0.024,0.024
13.11.2023 07:07:18.095 GMT-0800,61.739,61.401,0.024,0.009
13.11.2023 07:07:18.146 GMT-0800,61.73800000000001,61.382,0.024,0.024
13.11.2023 07:07:18.540 GMT-0800,61.748999999999995,61.38100000000001,0.024,0.024
13.11.2023 07:07:18.641 GMT-0800,61.759,61.38100000000001,0.024,0.024
13.11.2023 07:07:18.692 GMT-0800,61.748999999999995,61.38100000000001,0.024,0.024
13.11.2023 07:07:19.874 GMT-0800,61.758,61.382,0.024,0.024
13.11.2023 07:07:20.122 GMT-0800,61.758,61.382,0.024,0.022
13.11.2023 07:07:26.268 GMT-0800,61.73800000000001,61.461999999999996,0.009,0.009
13.11.2023 07:07:26.318 GMT-0800,61.759,61.461000000000006,0.024,0.009
13.11.2023 07:07:26.419 GMT-0800,61.758,61.442,0.024,0.024
13.11.2023 07:07:26.784 GMT-0800,61.718,61.442,0.009,0.024
13.11.2023 07:07:26.914 GMT-0800,61.758,61.442,0.024,0.024
13.11.2023 07:07:27.803 GMT-0800,61.678999999999995,61.441,0.009,0.024
13.11.2023 07:07:28.331 GMT-0800,61.668000000000006,61.442,0.009,0.024
13.11.2023 07:07:29.749 GMT-0800,61.668000000000006,61.422,0.024,0.024
13.11.2023 07:07:30.181 GMT-0800,61.669,61.431000000000004,0.024,0.009
13.11.2023 07:07:30.648 GMT-0800,61.668000000000006,61.391999999999996,0.024,0.024
13.11.2023 07:07:30.835 GMT-0800,61.629,61.391000000000005,0.009,0.024
13.11.2023 07:07:30.887 GMT-0800,61.668000000000006,61.402,0.024,0.009
13.11.2023 07:07:31.046 GMT-0800,61.688,61.402,0.024,0.024
13.11.2023 07:07:31.201 GMT-0800,61.689,61.42100000000001,0.024,0.024
13.11.2023 07:07:31.549 GMT-0800,61.688,61.432,0.024,0.009
13.11.2023 07:07:31.825 GMT-0800,61.688,61.422,0.024,0.024
13.11.2023 07:07:36.967 GMT-0800,61.658,61.422,0.009,0.009
13.11.2023 07:07:37.068 GMT-0800,61.658,61.342,0.024,0.024
13.11.2023 07:07:37.219 GMT-0800,61.658,61.292,0.009,0.024
13.11.2023 07:07:37.321 GMT-0800,61.619,61.291000000000004,0.024,0.024
13.11.2023 07:07:37.443 GMT-0800,61.619,61.38100000000001,0.024,0.024
13.11.2023 07:07:37.932 GMT-0800,61.618,61.292,0.024,0.024
13.11.2023 07:07:37.983 GMT-0800,61.618,61.292,0.024,0.022
13.11.2023 07:07:38.556 GMT-0800,61.618,61.391999999999996,0.024,0.024
13.11.2023 07:07:38.607 GMT-0800,61.619,61.38100000000001,0.024,0.024
13.11.2023 07:07:44.652 GMT-0800,61.678000000000004,61.382,0.024,0.024
13.11.2023 07:07:47.315 GMT-0800,61.608000000000004,61.382,0.009,0.009
13.11.2023 07:07:47.366 GMT-0800,61.608000000000004,61.352,0.024,0.024
13.11.2023 07:07:47.416 GMT-0800,61.599,61.351000000000006,0.009,0.024
13.11.2023 07:07:48.633 GMT-0800,61.608000000000004,61.352,0.024,0.024
13.11.2023 07:07:51.557 GMT-0800,61.598000000000006,61.352,0.009,0.024
13.11.2023 07:07:55.685 GMT-0800,61.588,61.352,0.009,0.009
13.11.2023 07:07:55.736 GMT-0800,61.589,61.301,0.024,0.024
13.11.2023 07:07:56.247 GMT-0800,61.588,61.312,0.024,0.009
13.11.2023 07:07:56.534 GMT-0800,61.588,61.302,0.024,0.024
13.11.2023 07:07:56.750 GMT-0800,61.608000000000004,61.302,0.024,0.024
13.11.2023 07:07:59.334 GMT-0800,61.608000000000004,61.312,0.024,0.009
13.11.2023 07:07:59.528 GMT-0800,61.608000000000004,61.302,0.024,0.024
13.11.2023 07:08:00.815 GMT-0800,61.599,61.321000000000005,0.009,0.009
13.11.2023 07:08:00.866 GMT-0800,61.598000000000006,61.272,0.024,0.024
13.11.2023 07:08:00.962 GMT-0800,61.508,61.292,0.009,0.009
13.11.2023 07:08:01.012 GMT-0800,61.598000000000006,61.312,0.024,0.009
13.11.2023 07:08:01.853 GMT-0800,61.608000000000004,61.312,0.024,0.024
13.11.2023 07:08:03.745 GMT-0800,61.608999999999995,61.291000000000004,0.024,0.024
13.11.2023 07:08:10.314 GMT-0800,61.618,61.232,0.024,0.024
13.11.2023 07:08:11.111 GMT-0800,61.618,61.232,0.024,0.022
13.11.2023 07:08:11.398 GMT-0800,61.619,61.231,0.024,0.024
13.11.2023 07:08:12.525 GMT-0800,61.618,61.242,0.024,0.009
13.11.2023 07:08:12.669 GMT-0800,61.618,61.232,0.024,0.024
13.11.2023 07:08:16.765 GMT-0800,61.619,61.211000000000006,0.024,0.024
13.11.2023 07:08:19.957 GMT-0800,61.608999999999995,61.211000000000006,0.009,0.022
13.11.2023 07:08:20.093 GMT-0800,61.538999999999994,61.251000000000005,0.009,0.009
13.11.2023 07:08:20.991 GMT-0800,61.538000000000004,61.222,0.024,0.024
13.11.2023 07:08:21.092 GMT-0800,61.628,61.211999999999996,0.024,0.024
13.11.2023 07:08:21.163 GMT-0800,61.548,61.211999999999996,0.009,0.024
13.11.2023 07:08:21.306 GMT-0800,61.629,61.24100000000001,0.022,0.009
13.11.2023 07:08:21.357 GMT-0800,61.629,61.24100000000001,0.024,0.024
13.11.2023 07:08:21.408 GMT-0800,61.548,61.242,0.024,0.024
13.11.2023 07:08:22.957 GMT-0800,61.518,61.242,0.009,0.009
13.11.2023 07:08:23.008 GMT-0800,61.519,61.211000000000006,0.024,0.024
13.11.2023 07:08:23.544 GMT-0800,61.518,61.252,0.009,0.009
13.11.2023 07:08:23.595 GMT-0800,61.548,61.252,0.024,0.024
13.11.2023 07:08:23.646 GMT-0800,61.548,61.262,0.024,0.009
13.11.2023 07:08:23.696 GMT-0800,61.548,61.242,0.024,0.024
13.11.2023 07:08:23.772 GMT-0800,61.548,61.252,0.024,0.009
13.11.2023 07:08:24.026 GMT-0800,61.549,61.24100000000001,0.024,0.024
13.11.2023 07:08:24.077 GMT-0800,61.519,61.251000000000005,0.009,0.009
13.11.2023 07:08:24.128 GMT-0800,61.548,61.252,0.024,0.024
13.11.2023 07:08:24.230 GMT-0800,61.548,61.242,0.024,0.024
13.11.2023 07:08:24.821 GMT-0800,61.528000000000006,61.242,0.009,0.024
13.11.2023 07:08:24.922 GMT-0800,61.528000000000006,61.252,0.024,0.024
13.11.2023 07:08:24.973 GMT-0800,61.548,61.252,0.024,0.024
13.11.2023 07:08:25.125 GMT-0800,61.548,61.222,0.024,0.024
13.11.2023 07:08:25.814 GMT-0800,61.528000000000006,61.222,0.009,0.024
13.11.2023 07:08:25.865 GMT-0800,61.548,61.222,0.024,0.024
13.11.2023 07:08:26.039 GMT-0800,61.548,61.242,0.024,0.024
13.11.2023 07:08:27.237 GMT-0800,61.528999999999996,61.24100000000001,0.009,0.024
13.11.2023 07:08:27.541 GMT-0800,61.528000000000006,61.252,0.024,0.009
13.11.2023 07:08:27.707 GMT-0800,61.528000000000006,61.242,0.024,0.024
13.11.2023 07:08:27.784 GMT-0800,61.528999999999996,61.251000000000005,0.024,0.009
13.11.2023 07:08:28.852 GMT-0800,61.538000000000004,61.222,0.024,0.024
13.11.2023 07:08:29.310 GMT-0800,61.538000000000004,61.252,0.024,0.009
13.11.2023 07:08:29.411 GMT-0800,61.538000000000004,61.222,0.024,0.024
13.11.2023 07:08:29.475 GMT-0800,61.538999999999994,61.251000000000005,0.024,0.009
13.11.2023 07:08:30.072 GMT-0800,61.528000000000006,61.292,0.009,0.024
13.11.2023 07:08:30.122 GMT-0800,61.538000000000004,61.292,0.024,0.024
13.11.2023 07:08:30.807 GMT-0800,61.528000000000006,61.292,0.009,0.024
13.11.2023 07:08:33.207 GMT-0800,61.518,61.292,0.009,0.024
13.11.2023 07:08:44.237 GMT-0800,61.439,61.291000000000004,0.009,0.009
13.11.2023 07:08:44.287 GMT-0800,61.468,61.222,0.024,0.024
13.11.2023 07:08:47.236 GMT-0800,61.469,61.24100000000001,0.024,0.009
13.11.2023 07:08:50.194 GMT-0800,61.468,61.222,0.024,0.024
13.11.2023 07:08:56.706 GMT-0800,61.458000000000006,61.222,0.009,0.009
13.11.2023 07:08:57.519 GMT-0800,61.428000000000004,61.222,0.024,0.009
13.11.2023 07:08:57.569 GMT-0800,61.428000000000004,61.202,0.024,0.024
13.11.2023 07:08:57.769 GMT-0800,61.438,61.202,0.024,0.024
13.11.2023 07:08:58.937 GMT-0800,61.439,61.221000000000004,0.024,0.024
13.11.2023 07:09:00.163 GMT-0800,61.439,61.20100000000001,0.024,0.024
13.11.2023 07:09:02.450 GMT-0800,61.438,61.211999999999996,0.024,0.009
13.11.2023 07:09:07.242 GMT-0800,61.438,61.222,0.024,0.009
13.11.2023 07:09:07.799 GMT-0800,61.438,61.211999999999996,0.024,0.024
13.11.2023 07:09:09.425 GMT-0800,61.438,61.302,0.024,0.009
13.11.2023 07:09:09.476 GMT-0800,61.439,61.221000000000004,0.024,0.024
13.11.2023 07:09:09.527 GMT-0800,61.438,61.211999999999996,0.024,0.024
13.11.2023 07:09:11.187 GMT-0800,61.439,61.281000000000006,0.024,0.009
13.11.2023 07:09:15.288 GMT-0800,61.439,61.291000000000004,0.009,0.009
13.11.2023 07:09:15.389 GMT-0800,61.449,61.31100000000001,0.024,0.024
13.11.2023 07:09:24.741 GMT-0800,61.448,61.322,0.009,0.009
13.11.2023 07:09:24.792 GMT-0800,61.558,61.332,0.024,0.024
13.11.2023 07:09:24.970 GMT-0800,61.558,61.342,0.024,0.009
13.11.2023 07:09:25.801 GMT-0800,61.558,61.312,0.024,0.024
13.11.2023 07:09:26.550 GMT-0800,61.528999999999996,61.31100000000001,0.009,0.024
13.11.2023 07:09:27.944 GMT-0800,61.528999999999996,61.331,0.009,0.009
13.11.2023 07:09:27.995 GMT-0800,61.558,61.332,0.024,0.024
13.11.2023 07:09:28.513 GMT-0800,61.538999999999994,61.331,0.009,0.009
13.11.2023 07:09:28.564 GMT-0800,61.559,61.31100000000001,0.024,0.024
13.11.2023 07:09:34.078 GMT-0800,61.518,61.312,0.009,0.024
13.11.2023 07:09:34.128 GMT-0800,61.559,61.31100000000001,0.024,0.024
13.11.2023 07:09:40.110 GMT-0800,61.578,61.282,0.024,0.024
13.11.2023 07:10:05.453 GMT-0800,61.498000000000005,61.282,0.009,0.024
13.11.2023 07:10:05.721 GMT-0800,61.48800000000001,61.282,0.009,0.024
13.11.2023 07:10:17.972 GMT-0800,61.578,61.282,0.024,0.024
13.11.2023 07:10:18.161 GMT-0800,61.578,61.332,0.024,0.009
13.11.2023 07:10:40.667 GMT-0800,61.498999999999995,61.331,0.009,0.009
13.11.2023 07:10:40.825 GMT-0800,61.469,61.331,0.009,0.009
13.11.2023 07:10:40.879 GMT-0800,61.468,61.282,0.024,0.024
13.11.2023 07:10:41.085 GMT-0800,61.48800000000001,61.282,0.024,0.024
13.11.2023 07:10:44.419 GMT-0800,61.458000000000006,61.292,0.009,0.009
13.11.2023 07:10:46.359 GMT-0800,61.458000000000006,61.282,0.024,0.024
13.11.2023 07:10:47.461 GMT-0800,61.448,61.282,0.009,0.024
13.11.2023 07:10:48.683 GMT-0800,61.428000000000004,61.282,0.009,0.024
13.11.2023 07:10:49.417 GMT-0800,61.428000000000004,61.302,0.009,0.009
13.11.2023 07:10:49.468 GMT-0800,61.448,61.302,0.024,0.024
13.11.2023 07:10:50.478 GMT-0800,61.449,61.281000000000006,0.024,0.024
13.11.2023 07:10:51.776 GMT-0800,61.458999999999996,61.281000000000006,0.024,0.024
13.11.2023 07:10:51.942 GMT-0800,61.458000000000006,61.312,0.009,0.009
13.11.2023 07:10:51.993 GMT-0800,61.518,61.312,0.024,0.009
13.11.2023 07:10:52.094 GMT-0800,61.518,61.282,0.024,0.024
13.11.2023 07:10:52.831 GMT-0800,61.518,61.332,0.024,0.009
13.11.2023 07:10:56.430 GMT-0800,61.519,61.281000000000006,0.024,0.024
13.11.2023 07:11:00.522 GMT-0800,61.508,61.282,0.009,0.024
13.11.2023 07:11:03.510 GMT-0800,61.509,61.291000000000004,0.024,0.024
13.11.2023 07:11:03.977 GMT-0800,61.508,61.302,0.024,0.024
13.11.2023 07:11:04.078 GMT-0800,61.509,61.291000000000004,0.024,0.024
13.11.2023 07:11:05.013 GMT-0800,61.508,61.282,0.024,0.024
13.11.2023 07:11:05.965 GMT-0800,61.508,61.312,0.024,0.009
13.11.2023 07:11:06.016 GMT-0800,61.508,61.282,0.009,0.024
13.11.2023 07:11:06.690 GMT-0800,61.519,61.281000000000006,0.024,0.024
13.11.2023 07:11:08.592 GMT-0800,61.519,61.31100000000001,0.024,0.009
13.11.2023 07:11:08.643 GMT-0800,61.518,61.282,0.024,0.024
13.11.2023 07:11:10.769 GMT-0800,61.518,61.302,0.024,0.009
13.11.2023 07:11:11.023 GMT-0800,61.518,61.292,0.024,0.024
13.11.2023 07:11:11.096 GMT-0800,61.518,61.302,0.024,0.009
13.11.2023 07:11:11.147 GMT-0800,61.519,61.291000000000004,0.024,0.024
13.11.2023 07:11:11.363 GMT-0800,61.518,61.302,0.024,0.009
13.11.2023 07:11:11.464 GMT-0800,61.518,61.282,0.024,0.024
13.11.2023 07:11:22.400 GMT-0800,61.578,61.391999999999996,0.024,0.024
13.11.2023 07:11:30.807 GMT-0800,61.578,61.382,0.024,0.024
13.11.2023 07:11:31.544 GMT-0800,61.578,61.342,0.024,0.024
13.11.2023 07:11:31.746 GMT-0800,61.578,61.332,0.024,0.024
13.11.2023 07:11:33.720 GMT-0800,61.578,61.282,0.024,0.024
13.11.2023 07:11:35.734 GMT-0800,61.579,61.281000000000006,0.024,0.022
13.11.2023 07:11:35.838 GMT-0800,61.578,61.382,0.024,0.024
13.11.2023 07:11:36.299 GMT-0800,61.578,61.422,0.009,0.009
13.11.2023 07:11:36.350 GMT-0800,61.608000000000004,61.422,0.024,0.024
13.11.2023 07:11:36.622 GMT-0800,61.608000000000004,61.402,0.024,0.024
13.11.2023 07:11:37.292 GMT-0800,61.608000000000004,61.362,0.024,0.024
13.11.2023 07:11:38.048 GMT-0800,61.608999999999995,61.38100000000001,0.024,0.009
13.11.2023 07:11:40.437 GMT-0800,61.608999999999995,61.411,0.024,0.009
13.11.2023 07:11:43.819 GMT-0800,61.658,61.412,0.024,0.024
13.11.2023 07:11:44.257 GMT-0800,61.658,61.382,0.024,0.024
13.11.2023 07:11:44.308 GMT-0800,61.658,61.391999999999996,0.009,0.009
13.11.2023 07:11:44.359 GMT-0800,61.668000000000006,61.382,0.024,0.024
13.11.2023 07:11:44.944 GMT-0800,61.668000000000006,61.391999999999996,0.024,0.009
13.11.2023 07:11:45.102 GMT-0800,61.669,61.38100000000001,0.024,0.024
13.11.2023 07:11:45.799 GMT-0800,61.668000000000006,61.391999999999996,0.024,0.009
13.11.2023 07:11:45.850 GMT-0800,61.669,61.38100000000001,0.024,0.024
13.11.2023 07:11:46.275 GMT-0800,61.619,61.38100000000001,0.009,0.022
13.11.2023 07:11:46.376 GMT-0800,61.619,61.38100000000001,0.024,0.024
13.11.2023 07:11:46.787 GMT-0800,61.618,61.432,0.024,0.009
13.11.2023 07:11:47.054 GMT-0800,61.618,61.422,0.024,0.024
13.11.2023 07:11:47.368 GMT-0800,61.678000000000004,61.422,0.024,0.024
13.11.2023 07:11:47.755 GMT-0800,61.638999999999996,61.38100000000001,0.024,0.024
13.11.2023 07:11:47.856 GMT-0800,61.678000000000004,61.492,0.024,0.024
13.11.2023 07:11:47.998 GMT-0800,61.678000000000004,61.432,0.024,0.024
13.11.2023 07:11:48.214 GMT-0800,61.648,61.432,0.009,0.024
13.11.2023 07:11:48.397 GMT-0800,61.708000000000006,61.432,0.024,0.024
13.11.2023 07:11:48.498 GMT-0800,61.699,61.441,0.024,0.024
13.11.2023 07:11:48.549 GMT-0800,61.699,61.431000000000004,0.024,0.024
13.11.2023 07:11:49.060 GMT-0800,61.689,61.431000000000004,0.024,0.024
13.11.2023 07:11:49.111 GMT-0800,61.698,61.432,0.024,0.024
13.11.2023 07:11:49.206 GMT-0800,61.668000000000006,61.432,0.009,0.024
13.11.2023 07:11:49.359 GMT-0800,61.698,61.432,0.024,0.024
13.11.2023 07:11:50.815 GMT-0800,61.698,61.472,0.024,0.009
13.11.2023 07:11:51.844 GMT-0800,61.699,61.511,0.024,0.009
13.11.2023 07:11:52.793 GMT-0800,61.708999999999996,61.431000000000004,0.024,0.024
13.11.2023 07:11:53.630 GMT-0800,61.708999999999996,61.431000000000004,0.024,0.022
13.11.2023 07:11:53.731 GMT-0800,61.698,61.432,0.024,0.024
13.11.2023 07:11:54.204 GMT-0800,61.698,61.461999999999996,0.024,0.009
13.11.2023 07:11:54.352 GMT-0800,61.698,61.492,0.024,0.009
13.11.2023 07:11:54.403 GMT-0800,61.698,61.461999999999996,0.024,0.024
13.11.2023 07:11:54.755 GMT-0800,61.708000000000006,61.461999999999996,0.024,0.024
13.11.2023 07:11:54.868 GMT-0800,61.638000000000005,61.461999999999996,0.009,0.009
13.11.2023 07:11:54.919 GMT-0800,61.638000000000005,61.402,0.024,0.024
13.11.2023 07:11:55.378 GMT-0800,61.638000000000005,61.422,0.024,0.009
13.11.2023 07:11:55.888 GMT-0800,61.638000000000005,61.452,0.009,0.009
13.11.2023 07:11:55.939 GMT-0800,61.678000000000004,61.452,0.024,0.024
13.11.2023 07:11:56.380 GMT-0800,61.668000000000006,61.452,0.009,0.024
13.11.2023 07:11:57.452 GMT-0800,61.588,61.452,0.009,0.024
13.11.2023 07:11:57.502 GMT-0800,61.668000000000006,61.452,0.024,0.024
13.11.2023 07:11:58.336 GMT-0800,61.608000000000004,61.452,0.009,0.024
13.11.2023 07:11:58.488 GMT-0800,61.669,61.45100000000001,0.024,0.024
13.11.2023 07:11:58.764 GMT-0800,61.658,61.452,0.009,0.024
13.11.2023 07:11:58.865 GMT-0800,61.599,61.45100000000001,0.024,0.024
13.11.2023 07:11:58.991 GMT-0800,61.658,61.452,0.024,0.024
13.11.2023 07:11:59.331 GMT-0800,61.599,61.45100000000001,0.009,0.024
13.11.2023 07:11:59.525 GMT-0800,61.659,61.45100000000001,0.024,0.024
13.11.2023 07:12:00.050 GMT-0800,61.648,61.452,0.009,0.024
13.11.2023 07:12:00.583 GMT-0800,61.638000000000005,61.452,0.009,0.024
13.11.2023 07:12:01.655 GMT-0800,61.638000000000005,61.442,0.024,0.024
13.11.2023 07:12:02.566 GMT-0800,61.628,61.442,0.009,0.024
13.11.2023 07:12:03.275 GMT-0800,61.589,61.441,0.009,0.009
13.11.2023 07:12:03.325 GMT-0800,61.589,61.371,0.024,0.009
13.11.2023 07:12:03.376 GMT-0800,61.588,61.292,0.024,0.024
13.11.2023 07:12:03.427 GMT-0800,61.588,61.292,0.024,0.022
13.11.2023 07:12:03.478 GMT-0800,61.588,61.372,0.024,0.024
13.11.2023 07:12:04.076 GMT-0800,61.588,61.292,0.024,0.022
13.11.2023 07:12:04.339 GMT-0800,61.628,61.292,0.024,0.024
13.11.2023 07:12:04.604 GMT-0800,61.628,61.292,0.024,0.022
13.11.2023 07:12:04.772 GMT-0800,61.629,61.371,0.024,0.024
13.11.2023 07:12:04.984 GMT-0800,61.629,61.401,0.024,0.009
13.11.2023 07:12:05.035 GMT-0800,61.628,61.372,0.024,0.024
13.11.2023 07:12:05.086 GMT-0800,61.638000000000005,61.372,0.024,0.024
13.11.2023 07:12:05.142 GMT-0800,61.718,61.402,0.024,0.024
13.11.2023 07:12:05.268 GMT-0800,61.618,61.402,0.009,0.024
13.11.2023 07:12:05.504 GMT-0800,61.608000000000004,61.402,0.009,0.024
13.11.2023 07:12:07.111 GMT-0800,61.608000000000004,61.372,0.024,0.024
13.11.2023 07:12:07.161 GMT-0800,61.608000000000004,61.402,0.024,0.024
13.11.2023 07:12:10.859 GMT-0800,61.608000000000004,61.302,0.024,0.024
13.11.2023 07:12:12.173 GMT-0800,61.608000000000004,61.292,0.024,0.022
13.11.2023 07:12:12.224 GMT-0800,61.608000000000004,61.292,0.024,0.024
13.11.2023 07:12:16.264 GMT-0800,61.608000000000004,61.372,0.024,0.024
13.11.2023 07:12:16.521 GMT-0800,61.608000000000004,61.292,0.024,0.024
13.11.2023 07:12:16.575 GMT-0800,61.608000000000004,61.372,0.024,0.024
13.11.2023 07:12:16.911 GMT-0800,61.608999999999995,61.291000000000004,0.024,0.024
13.11.2023 07:12:17.000 GMT-0800,61.608000000000004,61.292,0.024,0.022
13.11.2023 07:12:17.708 GMT-0800,61.608000000000004,61.292,0.024,0.024
13.11.2023 07:12:17.758 GMT-0800,61.608999999999995,61.371,0.024,0.024
13.11.2023 07:12:17.867 GMT-0800,61.608999999999995,61.291000000000004,0.024,0.024
13.11.2023 07:12:20.657 GMT-0800,61.608000000000004,61.292,0.024,0.022
13.11.2023 07:12:21.381 GMT-0800,61.608000000000004,61.372,0.024,0.024
13.11.2023 07:12:22.744 GMT-0800,61.608000000000004,61.382,0.024,0.009
13.11.2023 07:12:22.794 GMT-0800,61.608999999999995,61.371,0.024,0.024
13.11.2023 07:12:23.262 GMT-0800,61.608000000000004,61.382,0.024,0.009
13.11.2023 07:12:23.364 GMT-0800,61.608999999999995,61.371,0.024,0.024
13.11.2023 07:12:23.485 GMT-0800,61.608000000000004,61.382,0.024,0.009
13.11.2023 07:12:23.897 GMT-0800,61.608000000000004,61.292,0.024,0.024
13.11.2023 07:12:24.604 GMT-0800,61.608000000000004,61.292,0.024,0.022
13.11.2023 07:12:24.706 GMT-0800,61.608000000000004,61.382,0.024,0.024
13.11.2023 07:12:24.831 GMT-0800,61.608000000000004,61.372,0.024,0.024
13.11.2023 07:12:24.881 GMT-0800,61.608999999999995,61.38100000000001,0.024,0.009
13.11.2023 07:12:25.239 GMT-0800,61.608000000000004,61.372,0.024,0.024
13.11.2023 07:12:25.350 GMT-0800,61.608999999999995,61.38100000000001,0.024,0.009
13.11.2023 07:12:25.824 GMT-0800,61.608000000000004,61.372,0.024,0.024
13.11.2023 07:12:26.961 GMT-0800,61.608000000000004,61.402,0.024,0.009
13.11.2023 07:12:27.012 GMT-0800,61.608000000000004,61.391999999999996,0.024,0.024
13.11.2023 07:12:27.810 GMT-0800,61.608000000000004,61.382,0.024,0.024
13.11.2023 07:12:30.283 GMT-0800,61.608000000000004,61.292,0.024,0.024
13.11.2023 07:12:33.288 GMT-0800,61.608000000000004,61.292,0.024,0.022
13.11.2023 07:12:33.338 GMT-0800,61.608999999999995,61.291000000000004,0.024,0.024
13.11.2023 07:12:36.443 GMT-0800,61.608000000000004,61.292,0.024,0.022
13.11.2023 07:12:36.647 GMT-0800,61.608000000000004,61.292,0.024,0.024
13.11.2023 07:12:39.139 GMT-0800,61.608999999999995,61.291000000000004,0.024,0.022
13.11.2023 07:12:39.191 GMT-0800,61.608999999999995,61.291000000000004,0.024,0.024
13.11.2023 07:12:44.468 GMT-0800,61.608000000000004,61.292,0.024,0.022
13.11.2023 07:12:44.836 GMT-0800,61.699,61.431000000000004,0.024,0.024
13.11.2023 07:12:44.887 GMT-0800,61.699,61.38100000000001,0.024,0.024
13.11.2023 07:12:45.208 GMT-0800,61.758,61.382,0.024,0.024
13.11.2023 07:12:45.320 GMT-0800,61.778000000000006,61.442,0.024,0.024
13.11.2023 07:12:45.421 GMT-0800,61.778999999999996,61.441,0.022,0.024
13.11.2023 07:12:45.471 GMT-0800,61.778000000000006,61.442,0.024,0.024
13.11.2023 07:12:45.575 GMT-0800,61.708000000000006,61.442,0.009,0.024
13.11.2023 07:12:45.676 GMT-0800,61.778000000000006,61.442,0.024,0.024
13.11.2023 07:12:45.903 GMT-0800,61.699,61.441,0.009,0.024
13.11.2023 07:12:45.954 GMT-0800,61.778000000000006,61.442,0.024,0.024
13.11.2023 07:12:46.408 GMT-0800,61.73800000000001,61.452,0.009,0.009
13.11.2023 07:12:46.458 GMT-0800,61.778000000000006,61.452,0.024,0.009
13.11.2023 07:12:46.509 GMT-0800,61.778000000000006,61.442,0.024,0.024
13.11.2023 07:12:47.299 GMT-0800,61.728,61.442,0.009,0.024
13.11.2023 07:12:47.349 GMT-0800,61.778000000000006,61.442,0.024,0.024
13.11.2023 07:12:47.804 GMT-0800,61.778999999999996,61.461000000000006,0.024,0.009
13.11.2023 07:12:49.121 GMT-0800,61.778000000000006,61.482,0.024,0.009
13.11.2023 07:12:51.812 GMT-0800,61.778000000000006,61.461999999999996,0.024,0.024
13.11.2023 07:12:53.849 GMT-0800,61.729,61.461000000000006,0.009,0.024
13.11.2023 07:12:54.332 GMT-0800,61.718,61.461999999999996,0.009,0.009
13.11.2023 07:12:54.393 GMT-0800,61.718,61.342,0.024,0.024
13.11.2023 07:12:55.307 GMT-0800,61.708000000000006,61.342,0.009,0.022
13.11.2023 07:12:55.418 GMT-0800,61.708000000000006,61.422,0.024,0.022
13.11.2023 07:12:55.867 GMT-0800,61.718,61.512,0.024,0.024
13.11.2023 07:12:57.084 GMT-0800,61.769,61.511,0.024,0.024
13.11.2023 07:13:02.430 GMT-0800,61.658,61.512,0.009,0.024
13.11.2023 07:13:03.151 GMT-0800,61.629,61.511,0.009,0.009
13.11.2023 07:13:03.202 GMT-0800,61.649,61.471000000000004,0.024,0.024
13.11.2023 07:13:03.253 GMT-0800,61.649,61.431000000000004,0.024,0.024
13.11.2023 07:13:03.663 GMT-0800,61.769,61.431000000000004,0.022,0.022
13.11.2023 07:13:03.714 GMT-0800,61.728,61.442,0.024,0.009
13.11.2023 07:13:03.765 GMT-0800,61.728,61.432,0.009,0.024
13.11.2023 07:13:03.916 GMT-0800,61.73800000000001,61.432,0.024,0.024
13.11.2023 07:13:04.109 GMT-0800,61.728,61.432,0.024,0.024
13.11.2023 07:13:04.257 GMT-0800,61.778000000000006,61.432,0.024,0.024
13.11.2023 07:13:05.055 GMT-0800,61.73800000000001,61.432,0.009,0.024
13.11.2023 07:13:06.077 GMT-0800,61.739,61.45100000000001,0.024,0.009
13.11.2023 07:13:06.892 GMT-0800,61.73800000000001,61.461999999999996,0.024,0.009
13.11.2023 07:13:09.119 GMT-0800,61.739,61.45100000000001,0.024,0.024
13.11.2023 07:13:09.259 GMT-0800,61.73800000000001,61.461999999999996,0.024,0.009
13.11.2023 07:13:09.949 GMT-0800,61.73800000000001,61.452,0.024,0.024
13.11.2023 07:13:10.089 GMT-0800,61.73800000000001,61.461999999999996,0.024,0.009
13.11.2023 07:13:11.063 GMT-0800,61.73800000000001,61.452,0.024,0.024
13.11.2023 07:13:14.200 GMT-0800,61.73800000000001,61.461999999999996,0.009,0.009
13.11.2023 07:13:14.251 GMT-0800,61.778000000000006,61.461999999999996,0.024,0.024
13.11.2023 07:13:16.331 GMT-0800,61.788000000000004,61.461999999999996,0.024,0.024
13.11.2023 07:13:16.967 GMT-0800,61.729,61.49100000000001,0.009,0.009
13.11.2023 07:13:17.017 GMT-0800,61.788000000000004,61.461999999999996,0.024,0.009
13.11.2023 07:13:17.117 GMT-0800,61.788000000000004,61.452,0.024,0.024
13.11.2023 07:13:17.168 GMT-0800,61.788999999999994,61.481,0.024,0.009
13.11.2023 07:13:17.269 GMT-0800,61.788000000000004,61.492,0.024,0.024
13.11.2023 07:13:17.320 GMT-0800,61.788999999999994,61.481,0.024,0.024
13.11.2023 07:13:18.646 GMT-0800,61.818000000000005,61.482,0.024,0.024
13.11.2023 07:13:20.177 GMT-0800,61.818000000000005,61.492,0.024,0.009
13.11.2023 07:13:20.578 GMT-0800,61.818000000000005,61.372,0.024,0.024
13.11.2023 07:13:21.048 GMT-0800,61.788000000000004,61.372,0.009,0.024
13.11.2023 07:13:21.393 GMT-0800,61.73800000000001,61.372,0.009,0.022
13.11.2023 07:13:21.494 GMT-0800,61.788000000000004,61.482,0.024,0.024
13.11.2023 07:13:21.545 GMT-0800,61.778000000000006,61.482,0.024,0.024
13.11.2023 07:13:21.646 GMT-0800,61.788000000000004,61.482,0.024,0.024
13.11.2023 07:13:24.105 GMT-0800,61.778000000000006,61.482,0.009,0.024
13.11.2023 07:13:24.538 GMT-0800,61.778000000000006,61.532,0.024,0.009
13.11.2023 07:13:25.143 GMT-0800,61.788000000000004,61.532,0.024,0.024
13.11.2023 07:13:27.873 GMT-0800,61.73800000000001,61.532,0.009,0.024
13.11.2023 07:13:27.974 GMT-0800,61.788999999999994,61.531000000000006,0.024,0.024
13.11.2023 07:13:37.243 GMT-0800,61.689,61.531000000000006,0.009,0.024
13.11.2023 07:13:37.743 GMT-0800,61.688,61.522,0.024,0.024
13.11.2023 07:13:38.650 GMT-0800,61.758,61.522,0.024,0.024
13.11.2023 07:13:38.929 GMT-0800,61.768,61.522,0.024,0.024
13.11.2023 07:13:39.185 GMT-0800,61.788000000000004,61.522,0.024,0.024
13.11.2023 07:13:39.235 GMT-0800,61.769,61.52100000000001,0.009,0.024
13.11.2023 07:13:39.286 GMT-0800,61.778000000000006,61.522,0.024,0.024
13.11.2023 07:13:39.680 GMT-0800,61.769,61.52100000000001,0.009,0.024
13.11.2023 07:13:39.781 GMT-0800,61.778999999999996,61.52100000000001,0.024,0.024
13.11.2023 07:13:40.136 GMT-0800,61.778000000000006,61.542,0.024,0.009
13.11.2023 07:13:41.680 GMT-0800,61.748000000000005,61.542,0.024,0.024
13.11.2023 07:13:42.265 GMT-0800,61.748000000000005,61.582,0.009,0.009
13.11.2023 07:13:42.316 GMT-0800,61.778999999999996,61.541000000000004,0.024,0.024
13.11.2023 07:13:42.541 GMT-0800,61.778000000000006,61.562,0.024,0.009
13.11.2023 07:13:43.598 GMT-0800,61.778999999999996,61.611000000000004,0.024,0.024
13.11.2023 07:13:43.987 GMT-0800,61.748000000000005,61.612,0.009,0.009
13.11.2023 07:13:44.038 GMT-0800,61.748000000000005,61.542,0.024,0.024
13.11.2023 07:13:44.710 GMT-0800,61.748000000000005,61.522,0.024,0.024
13.11.2023 07:13:45.192 GMT-0800,61.748999999999995,61.501000000000005,0.024,0.024
13.11.2023 07:13:45.554 GMT-0800,61.788000000000004,61.482,0.024,0.024
13.11.2023 07:13:46.363 GMT-0800,61.748000000000005,61.482,0.009,0.024
13.11.2023 07:13:46.809 GMT-0800,61.788999999999994,61.481,0.024,0.024
13.11.2023 07:13:47.711 GMT-0800,61.748000000000005,61.482,0.009,0.024
13.11.2023 07:13:48.958 GMT-0800,61.748000000000005,61.492,0.024,0.009
13.11.2023 07:13:49.009 GMT-0800,61.759,61.49100000000001,0.024,0.024
13.11.2023 07:13:51.023 GMT-0800,61.748999999999995,61.49100000000001,0.009,0.024
13.11.2023 07:13:51.124 GMT-0800,61.748000000000005,61.372,0.024,0.024
13.11.2023 07:13:52.164 GMT-0800,61.748000000000005,61.372,0.024,0.022
13.11.2023 07:13:54.617 GMT-0800,61.748000000000005,61.372,0.024,0.024
13.11.2023 07:13:55.439 GMT-0800,61.748999999999995,61.371,0.024,0.022
13.11.2023 07:13:55.540 GMT-0800,61.758,61.461999999999996,0.024,0.024
13.11.2023 07:13:55.876 GMT-0800,61.788000000000004,61.461999999999996,0.024,0.024
13.11.2023 07:13:57.116 GMT-0800,61.748999999999995,61.501000000000005,0.009,0.009
13.11.2023 07:13:57.217 GMT-0800,61.758,61.461999999999996,0.024,0.024
13.11.2023 07:13:57.823 GMT-0800,61.748000000000005,61.461999999999996,0.009,0.024
13.11.2023 07:13:58.257 GMT-0800,61.748000000000005,61.502,0.009,0.009
13.11.2023 07:13:58.308 GMT-0800,61.758,61.492,0.024,0.024
13.11.2023 07:13:58.468 GMT-0800,61.748999999999995,61.49100000000001,0.009,0.009
13.11.2023 07:13:58.519 GMT-0800,61.748000000000005,61.372,0.024,0.024
13.11.2023 07:14:00.393 GMT-0800,61.748000000000005,61.382,0.024,0.009
13.11.2023 07:14:02.788 GMT-0800,61.748000000000005,61.391999999999996,0.024,0.009
13.11.2023 07:14:02.889 GMT-0800,61.748000000000005,61.382,0.024,0.024
13.11.2023 07:14:08.034 GMT-0800,61.708999999999996,61.391000000000005,0.009,0.009
13.11.2023 07:14:08.135 GMT-0800,61.708000000000006,61.382,0.024,0.024
13.11.2023 07:14:08.364 GMT-0800,61.708000000000006,61.382,0.024,0.022
13.11.2023 07:14:09.087 GMT-0800,61.708000000000006,61.382,0.024,0.024
13.11.2023 07:14:10.865 GMT-0800,61.708000000000006,61.391999999999996,0.024,0.009
13.11.2023 07:14:10.966 GMT-0800,61.718,61.382,0.024,0.024
13.11.2023 07:14:11.233 GMT-0800,61.688,61.382,0.009,0.024
13.11.2023 07:14:12.590 GMT-0800,61.688,61.382,0.024,0.022
13.11.2023 07:14:13.755 GMT-0800,61.678000000000004,61.452,0.009,0.024
13.11.2023 07:14:13.869 GMT-0800,61.678999999999995,61.461000000000006,0.024,0.009
13.11.2023 07:14:13.920 GMT-0800,61.678000000000004,61.452,0.024,0.024
13.11.2023 07:14:14.207 GMT-0800,61.668000000000006,61.452,0.009,0.024
13.11.2023 07:14:14.905 GMT-0800,61.668000000000006,61.472,0.024,0.009
13.11.2023 07:14:15.280 GMT-0800,61.668000000000006,61.461999999999996,0.024,0.024
13.11.2023 07:14:22.563 GMT-0800,61.668000000000006,61.452,0.024,0.024
13.11.2023 07:14:28.022 GMT-0800,61.668000000000006,61.461999999999996,0.024,0.009
13.11.2023 07:14:28.221 GMT-0800,61.668000000000006,61.472,0.024,0.009
13.11.2023 07:14:28.272 GMT-0800,61.668000000000006,61.461999999999996,0.024,0.024
13.11.2023 07:14:28.322 GMT-0800,61.668000000000006,61.472,0.024,0.024
13.11.2023 07:14:28.373 GMT-0800,61.668000000000006,61.461999999999996,0.024,0.024
13.11.2023 07:14:28.484 GMT-0800,61.669,61.45100000000001,0.024,0.024
13.11.2023 07:14:29.408 GMT-0800,61.668000000000006,61.461999999999996,0.024,0.009
13.11.2023 07:14:29.459 GMT-0800,61.668000000000006,61.452,0.024,0.024
13.11.2023 07:14:29.542 GMT-0800,61.668000000000006,61.461999999999996,0.024,0.009
13.11.2023 07:14:29.767 GMT-0800,61.668000000000006,61.452,0.024,0.024
13.11.2023 07:14:29.831 GMT-0800,61.668000000000006,61.461999999999996,0.024,0.009
13.11.2023 07:14:30.026 GMT-0800,61.668000000000006,61.452,0.024,0.024
13.11.2023 07:14:30.096 GMT-0800,61.668000000000006,61.461999999999996,0.024,0.009
13.11.2023 07:14:30.211 GMT-0800,61.668000000000006,61.522,0.024,0.009
13.11.2023 07:14:36.467 GMT-0800,61.668000000000006,61.532,0.009,0.009
13.11.2023 07:14:36.517 GMT-0800,61.688,61.522,0.024,0.024
13.11.2023 07:14:36.877 GMT-0800,61.688,61.452,0.024,0.024
13.11.2023 07:14:41.379 GMT-0800,61.689,61.461000000000006,0.024,0.009
13.11.2023 07:14:41.480 GMT-0800,61.689,61.45100000000001,0.024,0.024
13.11.2023 07:14:44.492 GMT-0800,61.688,61.482,0.024,0.009
13.11.2023 07:14:44.543 GMT-0800,61.689,61.45100000000001,0.024,0.024
13.11.2023 07:14:44.907 GMT-0800,61.688,61.482,0.024,0.009
13.11.2023 07:14:45.218 GMT-0800,61.689,61.45100000000001,0.024,0.024
13.11.2023 07:14:45.326 GMT-0800,61.689,61.481,0.024,0.009
13.11.2023 07:14:45.377 GMT-0800,61.688,61.452,0.024,0.024
13.11.2023 07:14:45.433 GMT-0800,61.688,61.482,0.024,0.009
13.11.2023 07:14:45.484 GMT-0800,61.688,61.452,0.024,0.024
13.11.2023 07:14:46.324 GMT-0800,61.689,61.481,0.024,0.009
13.11.2023 07:14:46.567 GMT-0800,61.688,61.452,0.024,0.024
13.11.2023 07:14:46.658 GMT-0800,61.688,61.482,0.024,0.009
13.11.2023 07:14:46.809 GMT-0800,61.689,61.45100000000001,0.024,0.024
13.11.2023 07:14:46.860 GMT-0800,61.688,61.461999999999996,0.024,0.009
13.11.2023 07:14:46.910 GMT-0800,61.688,61.452,0.024,0.024
13.11.2023 07:14:47.228 GMT-0800,61.688,61.532,0.024,0.009
13.11.2023 07:14:48.849 GMT-0800,61.688,61.512,0.024,0.024
13.11.2023 07:14:52.909 GMT-0800,61.688,61.532,0.024,0.009
13.11.2023 07:14:53.661 GMT-0800,61.688,61.542,0.024,0.009
13.11.2023 07:14:53.712 GMT-0800,61.688,61.532,0.024,0.024
13.11.2023 07:14:54.350 GMT-0800,61.688,61.542,0.009,0.009
13.11.2023 07:14:54.401 GMT-0800,61.689,61.531000000000006,0.009,0.024
13.11.2023 07:14:54.524 GMT-0800,61.778000000000006,61.532,0.024,0.024
13.11.2023 07:14:54.576 GMT-0800,61.758,61.532,0.009,0.024
13.11.2023 07:14:54.627 GMT-0800,61.778000000000006,61.532,0.024,0.024
13.11.2023 07:14:54.747 GMT-0800,61.768,61.532,0.009,0.024
13.11.2023 07:14:55.019 GMT-0800,61.778000000000006,61.532,0.024,0.024
13.11.2023 07:14:59.398 GMT-0800,61.778000000000006,61.522,0.024,0.024
13.11.2023 07:15:00.121 GMT-0800,61.778000000000006,61.512,0.024,0.024
13.11.2023 07:15:05.347 GMT-0800,61.768,61.512,0.009,0.024
13.11.2023 07:15:06.400 GMT-0800,61.778000000000006,61.512,0.024,0.024
13.11.2023 07:15:07.939 GMT-0800,61.778000000000006,61.461999999999996,0.024,0.024
13.11.2023 07:15:09.569 GMT-0800,61.748999999999995,61.461000000000006,0.009,0.024
13.11.2023 07:15:09.790 GMT-0800,61.698,61.461999999999996,0.009,0.009
13.11.2023 07:15:09.840 GMT-0800,61.699,61.38100000000001,0.024,0.024
13.11.2023 07:15:14.733 GMT-0800,61.699,61.38100000000001,0.024,0.022
13.11.2023 07:15:15.285 GMT-0800,61.699,61.38100000000001,0.024,0.024
13.11.2023 07:15:15.844 GMT-0800,61.698,61.391999999999996,0.024,0.009
13.11.2023 07:15:16.016 GMT-0800,61.698,61.382,0.024,0.024
13.11.2023 07:15:17.573 GMT-0800,61.689,61.38100000000001,0.009,0.024
13.11.2023 07:15:18.466 GMT-0800,61.689,61.471000000000004,0.024,0.009
13.11.2023 07:15:18.557 GMT-0800,61.688,61.452,0.024,0.024
13.11.2023 07:15:20.170 GMT-0800,61.689,61.38100000000001,0.024,0.024
13.11.2023 07:15:22.505 GMT-0800,61.688,61.432,0.024,0.009
13.11.2023 07:15:23.086 GMT-0800,61.688,61.382,0.024,0.024
13.11.2023 07:15:23.304 GMT-0800,61.649,61.38100000000001,0.009,0.024
13.11.2023 07:15:28.778 GMT-0800,61.638999999999996,61.38100000000001,0.009,0.024
13.11.2023 07:15:29.828 GMT-0800,61.648,61.382,0.024,0.024
13.11.2023 07:15:30.028 GMT-0800,61.648,61.412,0.024,0.009
13.11.2023 07:15:30.079 GMT-0800,61.648,61.382,0.024,0.024
13.11.2023 07:15:32.693 GMT-0800,61.648,61.391999999999996,0.024,0.009
13.11.2023 07:15:32.881 GMT-0800,61.649,61.38100000000001,0.024,0.024
13.11.2023 07:15:39.614 GMT-0800,61.648,61.391999999999996,0.024,0.009
13.11.2023 07:15:40.997 GMT-0800,61.648,61.382,0.024,0.024
13.11.2023 07:15:43.310 GMT-0800,61.649,61.391000000000005,0.024,0.009
13.11.2023 07:15:43.528 GMT-0800,61.649,61.38100000000001,0.024,0.024
13.11.2023 07:15:44.727 GMT-0800,61.649,61.391000000000005,0.024,0.009
13.11.2023 07:15:45.845 GMT-0800,61.649,61.38100000000001,0.024,0.024
13.11.2023 07:15:47.868 GMT-0800,61.649,61.391000000000005,0.024,0.009
13.11.2023 07:15:49.122 GMT-0800,61.648,61.382,0.024,0.024
13.11.2023 07:15:49.341 GMT-0800,61.648,61.432,0.024,0.009
13.11.2023 07:15:49.391 GMT-0800,61.648,61.382,0.024,0.024
13.11.2023 07:15:49.442 GMT-0800,61.649,61.42100000000001,0.024,0.024
13.11.2023 07:15:50.102 GMT-0800,61.649,61.38100000000001,0.024,0.024
13.11.2023 07:15:50.464 GMT-0800,61.638000000000005,61.472,0.009,0.009
13.11.2023 07:15:50.945 GMT-0800,61.638000000000005,61.492,0.009,0.009
13.11.2023 07:15:51.077 GMT-0800,61.688,61.522,0.024,0.024
13.11.2023 07:15:51.128 GMT-0800,61.668000000000006,61.522,0.024,0.024
13.11.2023 07:15:51.260 GMT-0800,61.658,61.522,0.009,0.009
13.11.2023 07:15:51.310 GMT-0800,61.658,61.472,0.024,0.024
13.11.2023 07:15:51.361 GMT-0800,61.668000000000006,61.472,0.024,0.024
13.11.2023 07:15:52.608 GMT-0800,61.638000000000005,61.472,0.009,0.024
13.11.2023 07:15:52.659 GMT-0800,61.668000000000006,61.472,0.024,0.024
13.11.2023 07:15:52.851 GMT-0800,61.649,61.471000000000004,0.009,0.024
13.11.2023 07:15:53.098 GMT-0800,61.628,61.472,0.009,0.024
13.11.2023 07:15:53.670 GMT-0800,61.638000000000005,61.472,0.024,0.024
13.11.2023 07:15:54.151 GMT-0800,61.669,61.471000000000004,0.024,0.024
13.11.2023 07:15:54.567 GMT-0800,61.668000000000006,61.482,0.024,0.009
13.11.2023 07:15:54.827 GMT-0800,61.659,61.481,0.009,0.024
